3192 4950
208 385 302 453 THE
324 384 390 452 AN
392 382 532 453 GIFNT
555 382 930 453 COMMENTATORS
953 384 1018 451 ΟΝ
1040 384 1213 453 VIRGIL.
1259 389 1339 454 xciii

127 562 218 622 bonis
262 561 412 640 supplicia
453 580 623 638 passorum.
695 560 869 633 Sallustius,
915 560 977 619 “iu
1021 562 1179 639 suppliciis
1215 562 1341 622 deorum

129 654 316 731 magnifici.”

169 748 297 817 Nonius,
313 767 342 825 p.
357 746 486 819 eoo-1,
508 746 628 823 assigna
641 746 695 805 the
708 745 869 823 following
882 747 1043 825 meanings
1056 750 1090 806 to
1103 747 1261 825 cabipere:

169 840 299 899 decere:
322 838 482 915 Vergilius
494 838 546 897 lib.
562 838 636 897 VII.
653 841 671 869 ‘⁴
680 838 937 916 subiguntquelin
951 844 1018 898 cote
1031 839 1182 899 secures.’'

169 933 325 1001 Fcercere,
339 931 475 989 muttire:
499 930 614 1000 Cicero,
629 930 741 1007 Virgil,
757 930 902 1000 Lucilius,
918 929 972 990 dc.

173 1023 344 1101 Supererat
366 1023 479 1101 virgil,
497 1023 635 1083 Sisenna.

174 1114 299 1195 Oopere:
330 1116 519 1193 Vergilius.
542 1160 550 1173 .
572 1160 579 1174 .
603 1117 656 1177 lib.
691 1116 749 1176 VI.
782 1118 990 1195 “subigitque
1021 1118 1112 1177 lateri
1125 1143 1132 1177 ι
1146 1119 1163 1144 ”
1197 1117 1342 1191 Lucilius,

134 1212 276 1269 Plautus.

176 1303 308 1373 Servius,
323 1301 360 1360 A.
376 1304 403 1363 6.
415 1302 492 1363 302:
515 1305 629 1381 scbiyit
644 1349 650 1361 .
667 1348 674 1363 .
691 1348 696 1361 .
712 1308 743 1364 et
753 1307 1008 1385 cccitsigniiicat,
1019 1311 1056 1366 ut
1066 1306 1344 1384 “subiguntquoin

133 1400 202 1456 cote
215 1391 366 1466 secures,’'
379 1400 411 1453 et
424 1398 582 1472 compellit,
598 1400 632 1453 ut
647 1396 853 1474 “subigitque
866 1398 985 1456 fateri.'’

174 1488 239 1546 The
262 1492 333 1546 note
353 1506 423 1564 may
437 1487 612 1564 ultimately
626 1508 711 1546 come
725 1488 807 1547 from
819 1490 951 1548 Verrius
964 1489 1112 1549 Flaccus:
1133 1488 1215 1548 Fest.
1230 1510 1259 1567 p.
1275 1489 1343 1559 309,
1394 1538 1400 1551 .

133 1580 276 1637 cadeates
295 1577 386 1637 modo
404 1578 558 1655 significat
581 1580 723 1653 mollitas,
738 1581 827 1640 modo
839 1583 945 1653 victua,
960 1580 1050 1640 modo
1064 1582 1240 1656 compulsae,
1255 1581 1345 1640 modo

135 1676 262 1730 coactas.

176 1764 211 1822 P.
232 1764 300 1835 403,
328 1783 427 1823 secare
453 1764 556 1841 sequi:
587 1764 670 1823 uude
696 1768 729 1825 et
755 1769 917 1826 sectatores
944 1768 1095 1825 bonorum
1120 1772 1244 1824 rectores
1270 1766 1345 1825 dicti

133 1861 218 1915 sunt.
259 1855 417 1933 Vergilius
431 1856 483 1915 lib.
497 1855 538 1914 X.
555 1858 572 1887 “
584 1875 783 1934 quaecunque
797 1863 845 1916 est
856 1858 983 1917 fortuna
996 1857 1095 1929 hodie,
1109 1876 1203 1934 quam
1216 1857 1346 1935 quisque

135 1953 218 2007 secat
232 1947 347 2025 apem.''

179 2040 265 2099 Serv.
278 2037 317 2096 A.
333 2039 379 2097 10.
396 2038 474 2098 107:
504 2046 591 2109 secat,
606 2040 755 2117 sequitur,
770 2045 865 2110 tenet,
879 2042 980 2112 habet,
995 2045 1032 2100 ut
1053 2042 1072 2073 ‘⁵
1082 2040 1139 2100 ille
1160 2042 1243 2100 viam
1265 2047 1349 2101 secat

137 2132 178 2190 ad
204 2130 326 2189 nares.'’
381 2130 472 2190 Unde
493 2135 526 2189 et
548 2138 641 2189 sectae
665 2132 794 2191 dicimus
818 2132 942 2191 habitus
962 2134 1134 2191 animorum
1153 2137 1185 2191 et
1204 2133 1349 2192 instituta

137 2224 345 2303 philosophiae
358 2222 440 2282 circa
453 2223 654 2301 disciplinam.
697 2225 802 2304 Gomp.
822 2228 908 2286 Serv.
922 2227 961 2286 A.
976 2227 1004 2286 6.
1019 2228 1087 2287 900.

180 2316 216 2374 P.
230 2316 298 2384 loc,
319 2316 502 2392 squalidam,
523 2317 603 2375 sicut
621 2318 811 2394 plerumque,
834 2319 949 2377 dicitnr
971 2320 1135 2377 sordidam.
1189 2319 1348 2395 Vergilius

139 2407 173 2466 in
186 2406 340 2466 Aeneidos
353 2407 405 2466 lib.
416 2406 459 2464 II.
472 2408 688 2486 “squalentem
702 2409 828 2468 barbam
842 2414 875 2468 et
886 2415 1043 2469 concretos
1056 2410 1207 2489 sangnine
1220 2409 1349 2469 crines.”

141 2499 334 2576 squalidam,
358 2498 491 2576 fulgens.
545 2500 703 2577 Vergilius
737 2502 790 2561 lib.
818 2501 859 2560 X.
888 2506 969 2581 “per
995 2503 1131 2562 tunicam
1158 2504 1349 2580 squalentem

138 2611 216 2651 auro
229 2593 311 2650 latus
323 2591 428 2650 haurit
440 2591 613 2668 apertum.''
1208 2584 1212 2591 ’

185 2683 320 2754 Servius,
331 2684 369 2741 A.
379 2685 407 2742 2.
422 2682 480 2745 277
492 2680 613 2763 (Dan),
623 2686 808 2762 squalentem
819 2686 910 2744 modo
924 2686 1086 2756 sordidiore,
1101 2685 1173 2746 alibi
1186 2687 1349 2744 lucentem:

144 2777 229 2854 “per
255 2776 390 2834 tunicam
413 2777 603 2852 squalentem
622 2777 728 2850 auro‚’'
748 2797 767 2835 a
788 2778 931 2854 squamis.
986 2777 1078 2836 From
1099 2777 1214 2835 Gellius
1235 2777 1264 2836 2.
1286 2777 1304 2836 6
1324 2776 1351 2834 it

142 2885 239 2925 seems
254 2867 322 2925 that
336 2866 503 2924 “tunicam
515 2866 706 2941 squalentem
719 2886 795 2925 auro
808 2867 825 2892 ’'
840 2887 902 2925 was
916 2887 954 2924 an
973 2866 1148 2944 expression
1168 2864 1288 2924 blamed
1308 2867 1349 2942 by

145 2959 308 3020 Cornutus.
351 2958 467 3019 Gellius
488 2960 614 3018 defends
636 2964 664 3018 it
680 2979 714 3018 as
727 2961 855 3031 follows,
876 2960 1024 3036 1.o.§20
1044 2960 1127 3018 foll:
1165 2958 1229 3017 “ld
1247 2963 1351 3017 autem

143 3053 297 3130 significat
310 3053 427 3130 copiam
448 3053 690 3130 densitatemque
714 3055 782 3113 auri
804 3054 837 3112 in
858 3073 1053 3131 squamarum
1080 3052 1212 3130 speciem
1232 3052 1351 3110 intexti.

145 3143 292 3220 aquaem
305 3145 386 3204 enim
399 3145 515 3203 dictum
528 3165 547 3202 a
566 3165 760 3222 squamarum
780 3146 944 3205 crebritate
964 3145 1197 3223 asperitateque‚
1219 3165 1298 3222 quae
1318 3145 1353 3203 in

144 3236 331 3313 serpentium
345 3235 513 3313 pisciumve
527 3237 616 3294 coriis
626 3237 776 3295 visuntur.
819 3236 917 3310 Quam
930 3257 994 3295 rem
1008 3237 1105 3294 etalii
1118 3240 1151 3294 ct
1164 3236 1215 3295 hic
1228 3236 1352 3313 quidem

145 3335 235 3406 poeta
258 3329 332 3388 locis
354 3331 470 3406 aliquot
491 3330 686 3388 demonstrat.
730 3332 748 3361 “
761 3329 858 3404 Quem
878 3329 996 3406 pellis,'’
1018 3329 1128 3405 inquit,
1154 3328 1290 3388 “ahenis
1313 3329 1353 3386 ln

144 3421 282 3498 plumam
298 3422 432 3498 squamis
451 3441 524 3480 auro
540 3425 679 3480 conserta
697 3421 854 3499 tegebat,”
875 3421 984 3480 etalio
1006 3421 1082 3492 loco,
1105 3419 1259 3497 “Iamque
1278 3420 1353 3478 adeo

145 3512 275 3570 rutilum
285 3513 411 3572 thoraca
420 3513 546 3571 indutus
560 3513 667 3572 ahenis
679 3513 834 3572 Horrebat
847 3512 1011 3590 squamis.”
1031 3512 1144 3572 Accius
1155 3513 1188 3570 in
1199 3511 1354 3588 Pelopidis

145 3605 191 3663 ita
213 3604 338 3664 scribit:
361 3605 455 3664 “eius
477 3606 625 3683 serpentis
648 3625 791 3682 squamae
813 3607 950 3683 squalido
972 3615 1054 3666 auro·
1070 3611 1101 3664 et
1124 3625 1263 3684 purpura
1283 3605 1360 3662 Per·¹

146 3695 280 3754 textae.”
322 3695 476 3774 Quicquid
490 3697 587 3773 igitur
599 3697 691 3754 nimis
705 3698 894 3756 inculcatum
907 3698 1099 3774 obsitumque
1112 3697 1217 3774 aliqua
1230 3716 1263 3755 re
1277 3701 1353 3769 erat,

147 3791 184 3844 ut
198 3787 349 3846 incuteret
362 3787 528 3849 visentibus
541 3789 619 3846 faeie
633 3809 713 3848 nova
726 3788 890 3860 horrorem,
902 3788 935 3847 id
949 3791 1084 3865 squalere
1095 3788 1260 3847 dicebatur.
1306 3787 1358 3847 Sic

147 3879 180 3937 iu
208 3881 384 3958 corporibus
410 3881 536 3940 incultis
559 3881 786 3959 squamosisque
807 3883 873 3940 alta
895 3882 1053 3959 congeries
1075 3881 1211 3940 sordium
1236 3883 1359 3957 squalor

148 3971 368 4050 appellabatur,
384 3971 437 4032 dc.

189 4065 255 4125 The
267 4068 462 4145 explanation
475 4069 508 4126 of
527 4068 580 4128 the
596 4070 680 4129 word
693 4069 786 4146 given
799 4071 841 4148 by
855 4068 974 4129 Gellius
988 4069 1015 4128 is
1028 4069 1194 4128 somewhat
1214 4069 1361 4128 different

146 4157 228 4216 lrom
251 4159 321 4218 that
343 4160 377 4220 oi
400 4162 520 4220 Nonius
541 4161 601 4220 and
628 4163 759 4221 Servius.
810 4161 892 4221 That
915 4162 948 4221 oi
970 4162 1087 4222 Gellius
1105 4183 1174 4239 may
1188 4162 1267 4220 have
1281 4163 1357 4219 been

147 4249 241 4308 based
254 4270 294 4309 on
308 4272 328 4310 a
340 4257 411 4312 nota
424 4253 458 4312 of
470 4253 602 4313 Verrius
621 4253 750 4312 Flaccus
764 4279 770 4312 ι
793 4253 874 4312 Fest.
890 4275 919 4332 p.
934 4254 1001 4324 328,
1015 4254 1190 4331 squalidam
1208 4253 1360 4311 incultum

147 4341 181 4397 et
200 4341 366 4491 soqulidum,
388 4345 470 4421 quod
491 4345 627 4422 proxime
647 4344 879 4404 similitudinem
899 4345 991 4405 babet
1009 4363 1153 4423 squamae
1165 4343 1295 4421 piscium
1316 4342 1361 4402 sic

146 4448 226 4508 appe
271 4437 346 4491 tum.
