3192 4950
356 331 522 400 VIRGIL
545 331 645 398 AND
667 331 746 399 HIS
769 330 978 399 ANOIENT
1000 331 1191 400 CRITIOS.
1273 333 1378 398 xxxix

164 514 197 568 to
211 508 316 586 assign
330 528 392 586 any
404 511 476 587 part
493 508 526 567 in
541 508 595 566 the
609 527 673 567 war
687 511 720 568 to
733 507 821 567 those
834 506 935 568 whom
947 507 987 568 he
1005 507 1061 567 has
1075 505 1380 567 mentioned‘there.⁸

162 601 234 678 In§
256 601 296 661 10
315 602 421 679 Virgil
441 603 467 660 is
488 601 622 679 charged
642 601 719 660 with
738 601 940 659 inconsistent
959 601 1140 678 repetitions
1168 600 1202 659 oi
1221 600 1274 658 the
1294 619 1377 659 same

163 713 263 764 name,
291 713 325 752 ss
349 693 383 752 oi
405 691 582 764 (lor-inacus,
607 693 676 753 who
700 693 726 752 is
747 691 843 750 killed
875 692 908 750 in
929 692 983 752 the
1005 693 1097 751 ninth
1117 691 1198 752 book
1222 691 1283 750 and
1306 692 1379 750 kills

165 778 290 844 Ebusus
304 785 336 842 in
349 783 404 844 the
417 783 549 844 twelfth.

204 876 244 938 In
267 875 284 952 ᾖ
310 875 358 948 18,
376 895 416 934 on
432 875 486 934 the
506 876 596 934 other
616 873 708 947 hand,
723 873 829 952 Virgil
846 876 873 934 is
896 875 972 948 said,
991 876 1024 934 in
1047 895 1106 935 one
1122 895 1252 954 passage
1275 875 1309 935 ot
1329 874 1379 933 his

162 969 333 1046 catalogue,
349 973 382 1027 to
396 968 473 1028 have
486 969 598 1028 almost
616 968 778 1045 surpassed
796 969 933 1028 Homer:
956 970 1013 1028 bnt
1028 969 1190 1028 otherwise
1202 969 1378 1028 Macrobius

164 1061 221 1121 has
238 1061 402 1140 preserved
419 1061 551 1138 nothing
571 1062 629 1121 hut
647 1059 759 1119 hostile
781 1060 943 1120 criticisms
961 1080 1001 1120 on
1020 1060 1084 1120 this
1105 1067 1176 1140 part
1195 1061 1229 1120 of
1247 1061 1379 1139 Virgil's

164 1154 259 1213 work.
301 1153 347 1213 As
364 1158 398 1212 to
411 1153 542 1232 Virgil's
562 1152 760 1212 carelessness
776 1174 813 1212 or
825 1159 909 1214 want
928 1155 962 1214 oi
979 1155 1138 1215 invention
1153 1155 1187 1214 in
1201 1155 1253 1214 the
1266 1162 1379 1214 matter

164 1246 199 1304 oi
215 1265 328 1324 proper
337 1265 451 1318 names,
462 1246 547 1304 there
557 1245 584 1302 is
594 1265 614 1303 a
623 1245 745 1303 remark
755 1245 787 1303 in
800 1244 927 1306 Servius
943 1245 1034 1322 (Aen.
1047 1247 1094 1305 12.
1106 1247 1164 1305 542
1173 1242 1270 1323 Dan.)
1279 1246 1379 1304 which

163 1338 302 1396 reminds
323 1337 377 1396 the
395 1336 502 1396 reader
518 1355 592 1413 very
615 1335 709 1396 much
730 1336 763 1395 oi
787 1337 870 1396 what
890 1338 917 1397 is
943 1338 1010 1397 said
1029 1339 1063 1396 in
1088 1337 1281 1398 Macrobius:
1307 1336 1380 1395 “Et

163 1429 292 1508 quidam
305 1428 535 1506 reprehendunt
545 1427 721 1504 Vergilium
739 1429 773 1487 in
788 1429 847 1488 hoc
865 1431 932 1489 loco
949 1431 1031 1508 quod
1049 1429 1081 1488 in
1099 1432 1258 1489 nominum
1272 1430 1377 1488 inven-

164 1521 251 1579 tione
266 1519 417 1579 deficitur.
458 1518 525 1578 Iam
539 1519 621 1576 enim
635 1519 668 1577 in
680 1539 762 1578 nono
774 1519 905 1580 Crethea
914 1541 934 1579 a
944 1521 1047 1580 Turno
1061 1522 1194 1580 occisum
1208 1521 1329 1581 inducit
1342 1525 1379 1579 ut

166 1611 293 1672 orestes
312 1612 466 1670 Musarum
486 1611 626 1670 comitem.
669 1609 732 1670 Sed
749 1615 782 1670 et
797 1613 881 1690 apud
899 1613 1070 1672 Homerum
1091 1611 1181 1690 [talia
1197 1611 1377 1690 inveniesi]

163 1724 239 1763 nam
253 1711 285 1763 et
299 1703 517 1783 Pylaemenem
531 1710 563 1763 et
576 1703 744 1762 Adrastum
758 1705 806 1764 bis
819 1706 907 1784 ponit
920 1711 952 1765 st
964 1707 1039 1766 alios
1053 1707 1255 1785 complures.”

206 1798 272 1858 The
292 1799 358 1857 fact
380 1798 450 1856 that
476 1798 612 1870 Servius,
632 1799 734 1858 whose
757 1800 897 1859 remarks
913 1820 966 1859 are
987 1801 1099 1879 mostly
1118 1821 1159 1860 on
1181 1801 1235 1860 the
1257 1801 1323 1861 side
1345 1801 1380 1861 oi

162 1888 279 1966 Virgil,
303 1889 411 1948 makes
427 1909 446 1948 a
461 1889 549 1968 reply
566 1909 607 1948 on
625 1889 688 1947 this
707 1889 804 1967 point,
820 1896 965 1968 suggests
984 1891 1038 1950 the
1057 1892 1231 1971 possibility
1248 1891 1320 1952 that
1339 1893 1379 1952 he

163 2001 229 2039 was
242 1980 384 2058 drawing
397 1999 481 2058 upon
495 1999 514 2038 a
528 1981 614 2040 work
625 1981 660 2038 iu
670 1981 771 2041 which
785 1981 839 2042 the
852 1982 994 2060 question
1008 2001 1070 2042 was
1083 1983 1202 2041 treated
1214 1984 1247 2042 in
1260 2004 1279 2044 a
1292 2003 1380 2044 sense

163 2073 346 2134 favonrable
358 2079 390 2132 to
406 2073 454 2132 his
468 2073 588 2132 author.

207 2164 336 2224 Servius
356 2163 479 2223 recorda
496 2183 580 2222 some
597 2163 734 2223 remarks
752 2164 786 2224 of
803 2184 823 2223 a
836 2165 952 2224 similar
963 2163 1049 2236 kind,
1063 2165 1237 2225 sometimes
1253 2165 1377 2225 favour-

162 2256 241 2328 sble,
270 2255 445 2316 sometimes
472 2255 700 2328 unfsvonrabls,
728 2275 769 2316 on
795 2261 923 2315 matters
950 2256 984 2315 oi
1011 2257 1113 2315 detail.
1163 2254 1242 2317 Aen.
1265 2257 1292 2317 3.
1319 2258 1379 2317 590

165 2347 279 2424 (Dan.)
306 2351 324 2378 “
334 2347 478 2426 arguitur
504 2347 537 2405 in
558 2347 615 2406 hac
639 2346 876 2407 Achaemenidis
895 2349 1097 2428 descriptione
1119 2347 1279 2427 Vergilius
1305 2369 1378 2428 neg·

162 2443 317 2523 legontius
330 2441 511 2502 Homericae
530 2442 730 2513 narrationis;
752 2442 860 2503 Ulixes
885 2444 966 2503 enim
987 2444 1070 2503 inter
1088 2443 1177 2504 initia
1201 2443 1312 2504 erroris
1330 2443 1379 2503 sni

161 2540 204 2599 ad
219 2538 368 2617 Cyclopas
381 2536 486 2608 renit;
507 2536 766 2613 quemadmodum
779 2556 853 2614 ergo
866 2536 985 2597 Aeneas
998 2542 1068 2615 post
1082 2538 1245 2615 septimum
1258 2555 1375 2595 annum

162 2649 258 2708 qnam
278 2647 299 2686 a
321 2628 413 2687 Troia
432 2627 590 2703 profectus
613 2631 661 2687 est
683 2628 802 2686 socium
820 2628 922 2687 Ulixis
942 2626 1085 2688 invenit?
1107 2630 1288 2704 praesertim
1306 2648 1378 2687 oum

161 2739 236 2779 eum
257 2717 358 2777 tribus
385 2716 540 2775 mensibus
563 2717 597 2774 in
618 2716 742 2794 regione
767 2716 937 2795 Cyclopum
963 2718 1047 2777 dicat
1068 2722 1228 2789 moratum,
1251 2722 1284 2777 et
1306 2736 1378 2776 mox

162 2808 284 2869 Aeneas
298 2808 337 2868 de
352 2806 459 2867 Sicilia
469 2807 510 2865 ad
524 2806 663 2866 Africam
677 2807 795 2867 venisse
809 2808 960 2867 dicatur.'’
1001 2808 1076 2867 This
1093 2808 1121 2866 is
1137 2814 1193 2868 not
1209 2808 1243 2865 in
1257 2808 1375 2867 Macro·

162 2902 246 2973 bius;
266 2920 325 2958 nor
334 2899 426 2975 again
439 2899 494 2958 the
507 2898 681 2975 following:
701 2898 776 2957 Aen.
789 2900 817 2959 9.
830 2900 889 2958 264
901 2900 1014 2978 “atqui
1022 2900 1192 2959 secundum
1205 2900 1378 2960 Homerum

160 2990 277 3066 Arisba
293 2989 433 3049 Troianis
451 2989 537 3048 misit
555 2990 704 3048 auxilium
724 2995 756 3048 et
774 2991 816 3049 ab
831 2988 952 3049 Achille
973 2992 1120 3049 subversa
1144 2995 1199 3049 est.
1243 2989 1305 3051 Sed
1327 3010 1377 3051 sc·

161 3086 296 3163 cipimus
308 3090 366 3142 aut
384 3087 458 3141 ante
473 3083 588 3142 bellum
604 3082 791 3143 Graecorum
804 3083 948 3143 Arisbam
965 3102 985 3142 a
998 3082 1136 3142 Troianis
1154 3088 1276 3161 captam
1292 3088 1324 3144 et
1343 3085 1377 3144 in

160 3176 317 3238 amicitiae
329 3175 439 3235 foedus
456 3176 629 3248 admissam,
643 3180 699 3235 aut
715 3182 796 3235 certe
809 3177 920 3255 pocula
932 3176 1009 3235 haec
1022 3176 1094 3235 dats
1104 3177 1143 3234 ab
1156 3176 1307 3249 Heleno,’'
1321 3176 1376 3237 tho.

202 3268 282 3328 Aen.
299 3266 324 3327 7.
340 3268 407 3337 803,
424 3266 621 3345 “prudenter
640 3273 711 3344 post
729 3268 890 3345 impletam
909 3268 1227 3327 commemorationem
1239 3267 1377 3327 virorum

161 3359 276 3419 transit
288 3358 328 3416 ad
341 3357 480 3416 feminas.
502 3356 553 3415 Its
567 3358 650 3416 enim
663 3362 696 3417 et
710 3357 747 3417 de
758 3357 897 3417 Troianis
910 3357 1056 3434 loquitur,
1065 3357 1120 3434 qui
1129 3358 1375 3417 ultimumAma-

161 3468 276 3508 sonum
286 3446 435 3505 auxilium
447 3448 691 3524 postulaverunt.
722 3447 806 3522 Quae
819 3467 869 3507 res
878 3448 919 3507 ab
928 3448 1064 3506 Homero
1074 3448 1288 3525 praetermissa
1300 3449 1376 3507 est.”

160 3540 240 3598 Aen.
255 3536 283 3597 8.
296 3536 355 3597 625
367 3533 480 3615 (Dan.)
495 3540 513 3567 “
522 3556 596 3597 sane
608 3537 738 3596 interest
749 3538 832 3596 inter
843 3537 928 3596 hunc
941 3543 973 3595 et
986 3536 1114 3596 Homeri
1126 3536 1271 3623 clipeum.¹
1307 3537 1376 3599 Illic

160 3633 245 3691 enim
266 3630 390 3708 singula
404 3631 480 3689 dum
496 3630 576 3688 fiunt
596 3634 768 3701 narrantur,
783 3630 920 3690 hisvero
932 3630 1070 3708 perfecto
1084 3649 1174 3706 opere
1186 3636 1375 3702 noscuntnr;

159 3743 235 3782 nam
255 3728 289 3781 et
309 3721 361 3781 hic
380 3740 465 3781 arma
482 3722 568 3799 prins
581 3723 700 3799 accepit
721 3722 842 3797 Aeieas
860 3740 953 3797 quam
971 3726 1132 3800 spectaret,
1145 3721 1189 3779 ibi
1209 3727 1375 3800 postquam

159 3814 265 3874 omnia
279 3818 404 3871 narrata
417 3819 499 3885 sunt,
511 3812 555 3872 sic
568 3834 588 3873 a
602 3813 731 3871 Thetide
744 3813 979 3873 deferunturad
993 3812 1152 3871 Achillem.
1196 3812 1376 3891 Opportune

158 3926 234 3985 ergo
242 3904 432 3982 Vergilius,'’
442 3904 495 3964 dac.
528 3904 703 3964 Macrobius
713 3906 741 3965 5.
754 3904 802 3964 16.
814 3906 841 3977 9,
854 3907 873 3935 “
882 3904 1033 3963 Eumedes
1044 3904 1172 3963 Dolonis
1185 3906 1283 3982 proles
1295 3908 1375 3966 bello

158 3999 317 4078 praeclara
340 3997 444 4055 animo
468 3998 671 4075 manibusque
690 4003 850 4075 parentem
874 3997 980 4070 refert,
1000 4016 1071 4056 cnm
1094 3995 1179 4074 apud
1202 3996 1373 4057 Homerum

159 4090 265 4151 Dolon
278 4089 411 4149 imbellis
424 4088 496 4149 sit.”

188 4239 199 4268 ¹
216 4234 345 4300 Compare
355 4234 462 4285 Servius
472 4249 505 4284 on
517 4234 584 4286 Aen.
596 4236 620 4286 9.
636 4236 684 4285 584
696 4236 712 4264 ‘⁶
721 4236 849 4287 incertum
859 4252 893 4288 ex
903 4252 957 4303 qua
967 4236 1099 4289 recondita
1115 4235 1224 4288 historia
1235 4238 1373 4289 Amantem

154 4313 240 4364 Mum
250 4312 385 4363 induxerit
396 4349 403 4361 .
415 4347 423 4362 .
435 4348 442 4361 .
454 4316 481 4361 et
492 4310 556 4376 quid
568 4311 644 4363 homo
655 4312 760 4363 Siculus
771 4314 800 4363 iu
810 4313 859 4364 hoc
868 4314 938 4366 hello
948 4314 1012 4365 tecit
1022 4314 1142 4381 (ments)
1156 4329 1235 4380 quem
1244 4329 1373 4380 numnam

156 4406 237 4455 supra
247 4404 307 4440 cum
320 4390 412 4440 Aenea
421 4387 488 4439 dicit
499 4388 533 4439 sd
544 4388 651 4440 italiam
662 4390 835 4455 pervenisse.”
