3192 4950
300 359 407 424 lxxxii
449 357 542 424 ΤΗΕ
565 357 774 425 ΑΝΟΙΕΝΤ
798 356 1176 426 COMMENTATORS
1199 358 1263 426 ΟΝ
1286 359 1442 428 VIRGIL.

301 539 442 597 humanis
455 539 546 598 rebus
566 540 621 608 est,
636 555 702 597 csse
722 536 918 607 contrarium,
933 555 1004 594 cum
1018 536 1055 595 de
1068 537 1256 610 caelestibus,
1270 556 1441 614 prosperum,
1454 542 1486 594 ut

301 628 466 687 “intonuit
479 627 630 687 laevum.”
673 625 714 686 So
728 646 768 684 on
789 627 818 684 2.
834 626 892 686 693
914 626 1031 684 leevwm
1040 627 1219 699 sinistrum,
1233 647 1412 705 prosperum,
1425 627 1488 704 quia

301 720 430 778 caeleste
443 724 497 790 est,
512 723 550 776 ut
564 718 698 776 diximus
711 737 821 794 snpra:
845 716 908 774 and
922 736 955 775 so
969 738 1009 775 on
1025 716 1063 776 G.
1077 718 1106 775 4.
1121 719 1148 778 6.

342 810 376 867 P.
392 809 440 882 53,
456 811 651 868 vestibulum:
673 808 735 866 this
749 812 821 866 note
837 809 999 867 resembles
1019 808 1089 867 that
1105 809 1138 866 in
1153 807 1269 868 Gellius
1284 809 1331 868 16.
1345 810 1371 868 5.
1415 808 1488 868 Serv.

302 901 340 959 A.
355 903 383 962 6.
396 901 454 962 273
469 900 536 980 (the
550 901 611 961 linc
624 900 739 978 quoted
754 902 796 979 by
811 899 927 959 Gellius
940 902 962 960 l.
977 899 1029 979 c),
1044 903 1240 960 vestibulum.-
1262 906 1298 960 ut
1310 902 1404 961 Varro
1416 903 1490 974 dicit,

301 995 484 1073 etymologia
504 1015 567 1054 non
589 993 683 1052 habet
705 992 931 1071 proprietatem,
951 994 1006 1053 sed
1025 995 1062 1053 fit
1077 1015 1133 1073 pro
1152 1001 1245 1072 captu
1264 995 1384 1071 ingenii
1420 996 1492 1054 Nam

300 1087 475 1144 oestibnlnns
500 1090 537 1144 ut
563 1104 655 1162 supra
682 1084 816 1143 diximus
840 1081 883 1163 (2.
908 1081 984 1161 469)
1007 1085 1125 1144 dictum
1150 1088 1190 1145 ab
1216 1107 1253 1144 eo
1280 1087 1360 1163 qnod
1383 1087 1493 1145 ianuam

303 1177 423 1238 vestiat.
451 1177 513 1236 Alii
529 1177 646 1250 dicunt,
661 1177 700 1235 ab
714 1196 749 1234 eo
763 1177 846 1253 qnod
859 1178 964 1236 nullus
977 1178 1039 1236 illio
1053 1183 1123 1237 stet.
1164 1179 1202 1237 In
1217 1179 1321 1238 limine
1334 1180 1494 1239 euimsolns

301 1275 348 1328 est
369 1269 533 1328 transitus:
556 1268 704 1346 quomodo
718 1287 843 1326 vesanos
856 1267 970 1326 dicitur
984 1287 1045 1326 nou
1057 1289 1158 1339 sanus,
1173 1271 1218 1329 sic
1231 1272 1403 1328 nestibulum
1415 1273 1496 1348 qnasi

300 1364 531 1422 nonstnbnlnm.
573 1360 637 1419 The
657 1361 832 1438 etymology
852 1360 879 1418 is
899 1360 953 1420 the
973 1379 1057 1420 same
1077 1381 1111 1420 as
1131 1362 1200 1420 that
1218 1361 1309 1440 given
1329 1362 1369 1440 by
1389 1362 1496 1422 Gellius

300 1457 362 1515 and
375 1455 503 1528 Nonius,
517 1455 575 1514 but
587 1453 639 1512 the
659 1453 896 1530 interpretation
916 1452 949 1510 oi
968 1473 1001 1510 oe
1021 1454 1048 1511 is
1069 1453 1220 1513 different.
1264 1453 1378 1513 Gellius
1397 1455 1420 1512 is
1439 1455 1495 1512 evi-

301 1546 405 1624 dently
420 1546 592 1622 extracting
612 1543 693 1602 irom
713 1563 731 1602 a
746 1548 965 1603 commentator
979 1564 1019 1603 on
1031 1544 1151 1622 Virgil:
1173 1545 1294 1606 Nonius
1307 1566 1341 1604 as
1353 1546 1497 1622 evidently

300 1642 362 1710 not,
377 1639 428 1697 for
440 1637 479 1694 he
494 1637 564 1714 only
579 1639 686 1713 quotes
701 1633 816 1694 Cicero.

341 1732 375 1790 P.
391 1731 439 1801 53,
454 1731 580 1788 bidentes
599 1729 652 1806 qui
666 1725 845 1787 existimant
864 1729 903 1788 ob
919 1747 986 1786 eam
1001 1747 1123 1786 cansam
1136 1748 1208 1787 oves
1224 1749 1243 1788 a
1260 1727 1396 1806 Vergilio
1409 1729 1501 1787 dictas

300 1824 381 1902 quod
391 1825 467 1883 duos
481 1823 587 1882 dentes
600 1823 740 1892 habeant,
752 1822 881 1899 pessime
894 1840 931 1879 ac
941 1820 1051 1880 vitiose
1063 1821 1264 1898 intellegunt:
1281 1841 1351 1880 nam
1364 1840 1416 1880 nec
1429 1822 1502 1880 dnos

301 1919 407 1977 dentes
427 1918 549 1988 habent,
564 1921 596 1975 et
609 1916 665 1975 hoc
687 1917 812 1993 quidem
833 1935 930 1993 genus
950 1916 1081 1974 monstri
1094 1920 1149 1975 est.
1191 1914 1234 1973 Et
1245 1916 1353 1974 melius
1371 1916 1502 1993 intellegi

300 2013 402 2087 potest
418 2010 445 2068 si
463 2007 577 2066 biennes
601 2006 745 2080 dixerint,
764 2007 949 2066 auctoritate
972 2007 1132 2084 Pomponii
1156 2007 1189 2065 in
1212 2005 1362 2077 Atellano,
1385 2006 1503 2079 “Mara

299 2101 358 2160 tibi
372 2121 465 2161 voveo
478 2103 643 2172 facturum,
658 2100 685 2160 si
701 2121 848 2178 umquam
866 2099 1000 2171 redierit,
1014 2099 1142 2158 Bidenti
1160 2100 1276 2158 verre.'’
1317 2099 1459 2158 Laberius
1472 2101 1505 2157 in

300 2194 491 2273 Paupertate,
508 2195 631 2252 “Visus
646 2195 704 2252 hac
717 2199 812 2252 noctu
825 2193 967 2252 bidentes
982 2237 988 2251 .
1006 2238 1013 2250 .
1029 2238 1036 2251 .
1051 2193 1270 2272 propterviam
1285 2192 1425 2252 Facere.”
1466 2193 1506 2251 Et

298 2286 444 2364 Nigidius
458 2288 588 2366 Figulus
602 2288 677 2347 dicit
692 2289 822 2347 bidental
835 2287 939 2346 vocari
952 2288 1034 2363 qnod
1046 2288 1145 2346 bimae
1159 2287 1291 2366 pecudes
1304 2287 1504 2351 immolentur,

341 2377 427 2438 Serv.
456 2378 492 2435 A.
516 2378 546 2436 4.
571 2375 678 2438 57=6.
702 2379 762 2438 39:
785 2377 916 2436 bidentes
937 2383 1042 2435 autem
1065 2377 1166 2436 dictae
1188 2381 1262 2434 sunt
1281 2377 1371 2452 qnasi
1394 2378 1509 2434 biennes

299 2513 307 2529 .
330 2516 336 2529 .
359 2515 365 2528 .
411 2468 493 2529 Sunt
513 2474 617 2528 antem
634 2469 667 2527 in
691 2468 798 2528 ovibus
819 2468 879 2527 duo
901 2467 1115 2527 eminentiores
1136 2468 1243 2527 dentes
1262 2467 1344 2526 inter
1363 2473 1433 2527 octo
1454 2469 1509 2545 qni

297 2582 359 2620 non
378 2560 438 2619 nisi
460 2562 541 2619 eima
563 2561 712 2619 bimatum
736 2564 904 2638 apparent:
925 2579 982 2619 nec
1003 2560 1036 2617 in
1059 2561 1209 2632 omnibus,
1232 2560 1340 2618 sedin
1363 2560 1512 2636 hisquae

299 2658 372 2713 suut
385 2657 473 2730 aptae
486 2651 642 2711 sacrificiis
654 2652 864 2711 inveniuntur.

337 2746 428 2804 From
443 2744 520 2804 Gell.
537 2746 583 2804 16.
600 2745 627 2804 6.
643 2745 690 2815 14,
705 2744 731 2801 it
744 2764 872 2823 appears
891 2744 961 2802 that
982 2743 1119 2803 Servins'
1133 2748 1206 2803 note
1226 2745 1253 2801 is
1266 2744 1347 2803 from
1362 2744 1512 2823 Hyginus

298 2838 360 2895 and
378 2837 532 2914 Nigidius,
547 2836 622 2896 both
639 2836 672 2895 of
688 2837 789 2896 whose
804 2841 893 2896 notes
906 2858 985 2896 were
1003 2836 1152 2914 probably
1167 2836 1200 2893 in
1213 2836 1345 2896 Verrius
1358 2836 1512 2896 Flaccus:

300 2948 348 2989 see
361 2930 440 2988 Fest
456 2950 487 3007 p.
503 2930 541 2988 33
555 2929 617 2988 and
631 2930 679 2989 35.

339 3020 373 3078 Ρ.
395 3022 443 3093 55,
474 3021 587 3097 tropaei
606 3020 860 3096 significationem
886 3022 1042 3099 propriam
1068 3021 1170 3080 Varro
1198 3021 1342 3081 Bimarco
1366 3024 1512 3082 ostendit

299 3111 401 3171 “Ideo
425 3109 474 3190 (Ρ)
487 3112 564 3189 fuga
582 3112 718 3171 hostium
733 3112 849 3171 Graece
870 3112 1043 3189 appellatur
1063 3113 1163 3189 τροπή.
1205 3112 1288 3171 Hinc
1304 3114 1405 3191 spolia
1424 3119 1512 3192 eapte

299 3203 360 3260 fixa
378 3203 411 3261 in
433 3204 589 3281 stipitibus
615 3204 809 3282 appellantur
832 3205 981 3281 tropaeo.‘’
1024 3205 1109 3264 Serv.
1133 3206 1170 3264 A.
1194 3206 1241 3265 10.
1269 3205 1334 3279 775,
1358 3213 1512 3283 tropoenn

299 3295 415 3353 dictum
433 3300 480 3355 est
497 3295 554 3354 ἀπὸ
576 3298 626 3354 τοῦ
644 3296 807 3371 τρέπεσθαι,
822 3296 856 3353 id
875 3301 922 3355 est
938 3298 977 3355 ab
991 3298 1126 3357 hostium
1140 3301 1344 3371 conversione,
1360 3303 1450 3362 unde
1464 3323 1510 3380 qu

299 3386 413 3445 hostem
429 3386 567 3463 fugasset
580 3387 754 3445 merehatur
766 3393 927 3463 tropaemn.

340 3478 375 3537 P.
391 3478 439 3549 58,
460 3478 618 3535 testndines
638 3482 711 3535 sunt
729 3478 795 3535 loca
815 3479 849 3536 in
868 3479 1014 3539 aedificiis
1034 3487 1193 3553 camerata,
1215 3481 1255 3540 ad
1274 3482 1512 3543 similitudinen

299 3569 482 3647 aquatilium
495 3570 695 3641 testudinum,
711 3590 789 3647 quae
804 3570 890 3631 duris
910 3573 1083 3649 tergoribus
1102 3580 1226 3633 suntet
1245 3576 1393 3635 incurvis.
1438 3577 1512 3634 Ver

300 3660 391 3738 gilius
412 3660 564 3720 Aeneidos
585 3661 638 3719 lib.
662 3660 688 3719 Ι.
714 3662 779 3719 “In
803 3662 922 3723 foribus
946 3665 1045 3738 divae,
1070 3666 1171 3726 media
1196 3667 1352 3727 testudine
1374 3669 1512 3746 tamwii

301 3751 430 3811 Sisenna
443 3753 651 3812 Historiarum
665 3753 716 3812 lib.
731 3753 788 3814 IV.
804 3754 859 3815 bc.

341 3841 474 3915 Servius,
489 3842 529 3902 A.
542 3845 568 3902 l.
580 3845 649 3916 505,
664 3846 819 3919 testudine,
834 3866 954 3906 camera
966 3848 1102 3922 incurva,
1118 3870 1194 3927 quae
1207 3851 1379 3909 secundnm
1395 3871 1455 3910 eos
1471 3872 1512 3928 qu

300 3933 485 4011 scripserunt
499 3935 536 3993 de
550 3934 666 3993 ratione
682 3936 877 4014 templorum,
891 3938 960 3997 ideo
979 3940 1024 3999 sic
1044 3941 1080 3999 fit
1099 3945 1136 3999 nt
1155 3942 1318 4001 simulacro
1339 3943 1426 4002 caeli
1447 3944 1512 4001 ima

300 4028 404 4106 giuem
417 4027 532 4098 reddat,
548 4026 602 4086 bc.
643 4026 738 4086 Mnch
762 4031 893 4090 morsis
916 4032 1017 4091 added
1041 4032 1074 4093 in
1099 4034 1234 4094 Daniel's
1259 4034 1400 4095 Servius.
1447 4036 1512 4094 Isic‘

302 4120 351 4270 185.
365 4118 393 4223 8.
410 4117 438 4192 8,
453 4120 509 4178 has
524 4138 544 4177 a
561 4123 632 4178 note
646 4120 746 4179 which
760 4120 786 4180 is
807 4123 900 4182 taken
920 4124 1001 4184 from
1021 4126 1074 4185 the
1094 4147 1176 4187 saum
1196 4147 1318 4188 sources
1337 4150 1375 4188 as
1398 4130 1479 4188 that
1498 4151 1512 4189 c

330 4230 439 4270 ervrns.

343 4303 378 4361 P.
402 4302 449 4373 58,
478 4302 595 4361 odolen
620 4306 668 4361 est
694 4304 822 4364 verbum
848 4307 971 4384 proprie
997 4327 1083 4369 sacra
1107 4311 1309 4383 reddentium,
1338 4311 1433 4389 quod
1465 4311 1512 4388 sig

301 4393 407 4453 nificat
435 4392 516 4453 votis
540 4393 590 4453 vel
617 4394 890 4472 supplicationibus
917 4418 1031 4459 numen
1057 4402 1177 4460 auctius
1198 4401 1318 4462 facere:
1349 4407 1392 4461 nt
1419 4406 1477 4460 est
1501 4403 1512 4459 i
