3192 4950
332 308 497 378 VIRGIL
519 308 620 376 AND
643 307 722 376 HIS
744 307 812 376 AN
813 307 953 378 orl-:Nu
976 307 1167 376 esuries.
1269 309 1351 375 xxxi

173 483 240 543 The
254 487 316 543 two
330 483 390 542 last
403 485 574 542 commento
587 481 689 541 which
702 479 719 539 I
733 482 812 542 heve
829 482 947 561 quoted
963 501 1016 542 are
1032 482 1149 561 plainly
1162 501 1297 543 onswers
1316 487 1350 542 to

132 576 243 638 hostile
256 575 420 636 criticisms
432 596 439 647 ;
453 574 487 633 in
499 574 553 633 the
566 574 636 648 last,
645 573 766 646 indeed,
776 573 831 635 the
843 594 918 654 very
931 574 1072 653 wording
1085 574 1118 634 of
1131 575 1185 634 the
1199 575 1348 634 criticism

133 675 160 734 is
174 674 280 753 given:
299 670 379 743 Quid
392 669 471 730 enim
485 675 526 730 eet
544 690 621 730 eure
638 671 715 743 euri,
731 669 784 732 de.
822 671 853 730 A
865 671 984 732 careful
998 671 1106 731 reader
1118 671 1152 731 of
1164 670 1349 744 Macrobius,

134 766 204 828 who
218 767 275 826 hes
288 765 435 825 observed
449 763 501 823 the
517 783 591 842 very
604 763 740 842 slovenly
754 763 833 843 style
847 763 881 824 oi
901 763 950 822 his
963 762 1151 842 petehwork,
1166 762 1230 821 will
1243 763 1282 822 be
1294 768 1351 822 not

133 861 317 922 disinolined
339 867 371 919 to
389 859 472 920 infer
491 859 561 917 thet
583 857 715 936 perheps
733 857 774 916 ell
789 858 845 917 the
857 876 1001 936 passages
1019 857 1136 934 quoted
1155 855 1237 916 from
1253 855 1269 932 ἕ
1285 857 1351 916 uto

135 955 152 1031 ξ
176 954 214 1013 11
239 953 274 1013 of
293 953 356 1012 this
377 951 507 1032 chapter
528 950 591 1009 hod
612 950 688 1009 been
715 949 796 1009 fixed
821 970 905 1028 upon
929 950 979 1009 for
999 948 1104 1007 etteok
1124 950 1166 1027 by
1189 949 1350 1008 collectore

134 1047 291 1128 (whether
307 1046 483 1106 Herennius
502 1065 537 1104 or
558 1042 672 1122 others)
694 1043 726 1103 of
750 1044 804 1104 the
822 1044 897 1102 citio
915 1041 1047 1120 Verqilii,
1061 1042 1123 1101 und
1147 1061 1227 1102 were
1247 1043 1351 1102 subse·

133 1138 266 1217 quently
289 1136 440 1196 defended
463 1135 505 1214 by
527 1133 663 1211 friendly
684 1133 795 1194 critice.
838 1132 910 1192 And
933 1132 1007 1192 here
1029 1133 1058 1190 it
1079 1131 1144 1190 will
1165 1131 1203 1190 be
1225 1132 1295 1191 well
1318 1137 1351 1192 to

133 1249 277 1307 compare
290 1228 344 1288 the
359 1227 486 1288 Servius
499 1226 533 1286 of
552 1225 734 1286 Macrobius¹
750 1225 901 1303 Dialogue
914 1224 991 1285 with
1003 1223 1057 1283 the
1069 1222 1182 1282 scholio
1196 1222 1296 1282 which
1310 1244 1351 1301 go

133 1321 234 1382 under
245 1321 299 1382 the
311 1339 400 1380 name
413 1319 447 1378 of
463 1318 598 1390 Servius,
607 1319 640 1376 iu
654 1318 752 1389 order,
766 1318 792 1376 if
805 1316 945 1397 possible,
954 1322 987 1376 to
996 1315 1149 1376 esoertein
1158 1315 1212 1374 the
1221 1315 1350 1375 relation

133 1413 273 1474 between
285 1411 380 1472 them.
421 1409 438 1468 I
451 1408 529 1470 shall
542 1408 660 1469 exhibit
673 1408 727 1468 the
741 1413 802 1469 two
817 1408 850 1467 in
863 1407 989 1486 parallel
1003 1408 1143 1468 columns
1153 1429 1204 1465 :-

224 1563 285 1613 Tur
301 1561 415 1613 Scaurus
430 1573 463 1613 or
479 1559 642 1612 Msososrus.
792 1561 853 1612 Tus
869 1561 982 1613 Serme
997 1575 1029 1613 or
1045 1573 1098 1613 uus
1118 1561 1313 1614 connmrm.

169 1661 729 1742 Nothossuroeacreocitrutipsaoreaverit
795 1659 889 1713 Sileut.

135 1729 452 1860 qupffiepppm
471 1791 553 1868 Cordo
569 1792 657 1870 hrum,
667 1807 726 1844 cunr
792 1795 858 1844 Aen.
866 1795 890 1843 9.
897 1793 955 1844 455,
977 1793 1173 1858 Hypallegeest
1184 1808 1229 1858 pro
1239 1793 1354 1908 tepidum

134 1858 613 1912 loeusreoeoscaedenoredrotussrt.
759 1858 944 1908 locumrecerrts'
958 1860 1039 1909 ccede.
1074 1858 1152 1909 Unde
1169 1859 1247 1910 multu
1271 1863 1355 1924 egunt

763 1924 924 1990 tepidumque
932 1927 1025 1974 receati
1037 1922 1118 1974 Caede
1129 1925 1217 1974 locum.

170 1990 242 2042 Socii
263 1994 385 2042 cenerum
406 2005 511 2056 armore
532 1990 608 2053 iusso,
629 2003 675 2053 pro
698 2001 730 2040 eo
795 1991 861 2040 Aen.
870 1991 908 2039 10.
920 1991 977 2041 444.
999 1987 1050 2039 Pro
1060 1990 1114 2055 ipsi
1123 1991 1195 2040 iussi
1220 1989 1355 2055 (Probus)

136 2058 207 2124 quod
220 2059 261 2107 est
271 2058 335 2106 iussi
345 2060 474 2106 eruerunt.

172 2121 250 2174 Caeso
262 2138 395 2186 sparsurus
405 2120 528 2186 sanquine
533 2119 667 2184 flammas:
684 2119 731 2185 qui
797 2119 865 2171 Aen.
877 2121 915 2170 ll.
928 2120 968 2170 82.
1001 2119 1051 2171 Pro
1062 2135 1194 2172 caesorum

135 2203 171 2239 ex
181 2188 265 2237 euesis
277 2187 399 2237 uidelicet
409 2185 583 2250 profunditur.

175 2253 240 2304 Vota
261 2253 335 2302 &um
351 2252 436 2316 primo
453 2251 532 2301 cietur
549 2249 656 2301 micabat
671 2249 729 2302 Eoo.
797 2251 865 2302 Aen.
878 2253 916 2302 11.
928 2251 951 2301 4.
987 2249 1165 2304 subaudimus
1175 2255 1291 2318 tempure.

136 2319 190 2369 Pro
201 2334 267 2384 quoe
278 2317 319 2367 dis
329 2321 385 2366 vota
396 2319 461 2366 suet.

173 2383 215 2433 Mc
237 2386 370 2432 consortem
392 2381 451 2431 uoti
473 2381 575 2430 cona&
596 2379 731 2445 sepulchro.
797 2383 864 2433 Aen.
878 2382 984 2434 10.906.
1018 2380 1110 2433 suane

136 2449 219 2500 Alius
237 2448 352 2508 dixisset,
364 2451 387 2497 et
402 2461 440 2497 mc
452 2451 585 2497 camertem
601 2449 661 2497 uoto
675 2461 732 2497 cou-

135 2515 196 2566 ecce
207 2514 339 2579 sepulchri.

172 2578 227 2629 1110
244 2580 314 2627 mem
335 2576 444 2627 ocinum
459 2592 506 2642 per
526 2576 594 2627 melle
613 2576 732 2628 coloribus
798 2580 865 2630 Aen.
885 2580 908 2630 5.
931 2581 988 2631 609.
1025 2582 1083 2630 Aut
1104 2578 1230 2631 subeudis
1246 2579 1358 2645 sectum,

137 2661 244 2696 orcum.-
259 2642 288 2693 id
299 2647 339 2693 eet
346 2658 395 2708 per
405 2658 493 2691 orcum
504 2642 571 2691 mille
583 2642 697 2693 colorum.
764 2648 812 2695 eut
822 2646 961 2709 antiptosis
972 2648 1013 2696 eut
1023 2646 1091 2695 mille
1101 2644 1217 2695 colorum

171 2709 264 2775 Spolia
288 2744 295 2758 .
318 2744 325 2758 .
350 2743 356 2758 .
382 2708 510 2757 occidunt
531 2709 589 2773 ipos·
596 2724 607 2768 ,-
634 2722 681 2772 pro
703 2709 733 2758 s'u
798 2711 865 2761 Aen
878 2713 917 2761 11.
930 2713 986 2762 193.
1019 2710 1113 2761 Silent.

136 2790 283 2905 fflgffle
294 2837 344 2888 triu
355 2838 427 2888 modo
437 2842 511 2903 atquc
518 2837 596 2887 oculis
602 2838 733 2904 vigilanti·
800 2840 866 2891 Aen.
879 2842 901 2891 5.
914 2842 971 2901 438,
982 2842 1041 2902 erit,
1052 2839 1127 2902 vitat,
1139 2839 1269 2891 declinat:
1286 2841 1359 2893 unde

137 2906 186 2958 bus
196 2908 257 2956 ecit
293 2904 353 2955 Tele
363 2906 423 2963 ecit,
434 2918 480 2968 pro
492 2904 564 2954 citet.
766 2905 800 2955 de
817 2905 920 2956 Venulo
935 2909 988 2969 (ll.
999 2908 1061 2968 750)
1076 2912 1100 2955 et
1117 2908 1168 2957 cim
1185 2908 1282 2956 siritu·
1298 2909 1358 2957 ecit.

768 2971 804 3020 Et
815 2970 865 3020 hoc
876 2971 953 3021 verbo
964 2970 1006 3020 bis
1017 2986 1080 3021 usus
1091 2975 1139 3023 ost,

173 3036 266 3088 Senior
276 3034 323 3084 leto
338 3036 457 3085 concutio
473 3034 571 3087 lomina
583 3034 673 3095 rotcit,·
690 3048 736 3099 pro
800 3037 866 3086 Aen
889 3038 927 3085 10.
946 3037 1003 3087 418.
1022 3040 1069 3087 unt
1091 3036 1233 3100 hypallage
1253 3040 1294 3087 est
1313 3052 1359 3101 pro

137 3106 263 3155 moade
273 3100 372 3151 mura.
767 3102 780 3151 s'
797 3117 823 3151 se
849 3118 948 3160 canem,
970 3103 1017 3151 eut
1043 3101 1177 3165 physicam
1204 3116 1258 3151 rem
1285 3102 1358 3153 dicit.

784 3168 901 3281 Imm
917 3167 989 3217 euim
1005 3168 1123 3231 pupillae
1140 3168 1230 3218 mortis
1245 3170 1360 3233 tempore

768 3248 782 3282 u
870 3247 905 3281 re.
983 3269 986 3275 r

173 3298 319 3363 szcho
331 3280 529 3347 artorieenlro:
546 3310 593 3359 pro
603 3312 718 3346 cerame.
800 3296 929 3359 Georgi.
941 3298 982 3347 44.
1015 3296 1110 3348 silent.

174 3362 295 3415 Frontem
305 3362 587 3426 mmmmmoieurot.
608 3361 736 3413 Aratuou
774 3362 780 3373 ’
801 3366 869 3413 Aen.
881 3364 905 3413 7.
916 3364 972 3413 417.
1007 3362 1099 3413 Sileut.

138 3430 225 3481 nimie
238 3426 284 3477 sed
296 3428 403 3491 pulchre
414 3426 522 3477 dictum.

177 3494 225 3545 Ter
247 3494 342 3542 circum
364 3496 450 3542 emoto
471 3490 615 3555 circumfert
631 3493 736 3559 tepms'ue
802 3494 991 3544 Aon.10.887.
1024 3492 1117 3544 Silent.

139 3561 243 3612 citrum.
277 3558 329 3607 Pro
341 3558 440 3607 mouth,

180 3626 227 3677 l's'r
237 3624 329 3689 propio,
340 3637 387 3687 pro
398 3638 483 3689 capre.
805 3623 862 3675 Ecl.
873 3626 921 3676 7.7
930 3624 1026 3686 (Dan).
1043 3624 1171 3675 Horatius
1179 3624 1241 3687 (οᾱ.
1249 3628 1272 3677 l.
1285 3627 1324 3677 17.
1332 3627 1362 3689 7)

770 3689 860 3740 olentis
876 3690 963 3739 uxoris
980 3691 1078 3752 mariti,
1098 3693 1125 3740 et
1145 3689 1302 3741 Theocritus
1324 3694 1361 3757 (8.

769 3756 815 3818 49)
826 3756 844 3804 ὦ
855 3755 941 3819 τράγε,
952 3758 1000 3805 τᾶν
1010 3758 1102 3805 λευκᾶν
1113 3757 1187 3818 αὶγῶν
1198 3758 1263 3821 ἄνερ.

177 3820 280 3887 &eque
309 3820 442 3869 contectus
477 3822 579 3870 summu
611 3820 737 3871 horrende
802 3820 897 3884 Georg.
909 3822 931 3870 2.
945 3822 1001 3872 387.
1013 3822 1061 3886 qui
1073 3837 1105 3872 es
1119 3820 1245 3885 (ludicra)
1258 3837 1363 3873 exerce·

139 3887 249 3939 curctis.
286 3884 339 3935 Ore
349 3899 396 3950 pro
408 3884 531 3950 personis.
771 3885 959 4014 pduptbproptetr
969 3887 1149 3937 verecundiam
1161 3888 1304 4004 repraliupu
1313 3887 1362 3937 hoc

825 3967 835 4000 1
853 3966 936 4001 uerun
976 3966 1009 4001 ne
1026 3967 1181 4015 agnoscerer
1196 3968 1234 4016 ur,
1256 3968 1275 4002 u
1339 3968 1363 4002 r·

672 4018 675 4023 '
771 4031 847 4066 souns
859 4017 942 4068 luctas
952 4015 986 4067 de
996 4015 1116 4068 orborum
1128 4019 1265 4069 corticibus
1279 3968 1364 4069 rud-de

773 4086 838 4132 rent.

176 4146 294 4199 Discolor
308 4147 375 4197 unde
390 4148 452 4197 aurs·
465 4162 509 4213 per
524 4162 606 4197 ramos
621 4162 688 4196 oure
703 4162 740 4197 re·
806 4148 872 4197 Aen,
884 4150 908 4199 6.
920 4148 976 4197 204.
1004 4147 1072 4197 Auri
1082 4164 1156 4208 curo,
1167 4148 1287 4214 splendor
1297 4150 1364 4201 nuri.

140 4212 224 4270 [sicit
269 4212 343 4271 Quid
364 4213 433 4261 euim
454 4216 495 4261 est
518 4228 584 4262 oruc
605 4214 673 4271 uum,
693 4216 739 4261 uut
772 4212 897 4263 Horatius
915 4212 977 4274 (Od.
995 4214 1017 4263 2.
1035 4216 1059 4263 8.
1079 4214 1120 4275 23)
1140 4218 1186 4264 tac
1203 4232 1234 4265 ne
1253 4216 1364 4265 retardet

139 4277 363 4345 quemadmodum
372 4275 570 4341 curcrefulpett
595 4276 646 4327 Sed
654 4281 739 4328 temen
772 4278 846 4328 Aura
875 4280 986 4338 moriter,
1013 4279 1053 4329 ie.
1081 4280 1209 4329 alendor.
1243 4280 1315 4330 Hinc
1336 4284 1363 4331 et

139 4342 254 4409 pulchre
267 4342 413 4406 usurpavit.
771 4358 864 4392 nurum
881 4342 1004 4394 dicituro
1016 4294 1154 4408 splendore
1167 4346 1215 4410 qui
1229 4347 1269 4395 eet
1287 4347 1316 4395 in
1332 4360 1363 4395 eo

771 4408 884 4459 metullo.
