3192 4950
335 367 417 432 lxxx
461 363 554 430 THE
576 363 783 432 ANGIENT
807 363 1181 432 OOMMENTATORS
1204 366 1268 434 ΟΝ
1292 366 1449 434 VIRGIL.

335 545 421 605 verbi
441 542 660 622 proprietatem
685 535 783 616 magis
805 540 844 597 ab
865 559 1044 597 aranearum
1067 539 1203 599 cassibus
1226 540 1348 611 dictam,
1373 540 1445 617 quod
1465 541 1518 597 sint

334 639 417 698 leves
438 643 471 696 et
489 636 603 694 nullius
623 632 772 712 ponderis,
786 653 857 704 non,
871 637 908 691 nt
927 633 1113 708 quibusdam
1133 633 1266 703 videtur,
1281 632 1368 709 quasi
1388 652 1518 707 eamearn.

336 731 465 788 Plautus
491 726 657 796 Aulularia,
680 723 873 802 “Virginem
899 723 996 782 habeo
1023 723 1181 800 grandem,
1204 722 1276 782 dote
1303 743 1416 782 cessam
1438 729 1518 799 atque

335 819 559 880 inlocabilem.”

378 911 511 984 Servius,
520 909 558 969 A.
571 911 599 970 2.
611 909 650 970 85
664 905 786 988 (Dan),
802 929 918 967 ccccm
931 912 978 967 eat
991 908 1078 984 quasi
1089 927 1230 984 quassam
1242 907 1518 968 etnihilcontinene:

335 1025 408 1064 nam
422 1009 453 1063 et
467 1023 520 1063 vas
535 1023 682 1079 quaecum,
697 1001 779 1079 quod
792 1021 929 1060 umorem
947 999 981 1057 in
1002 1019 1035 1059 se
1056 1019 1118 1058 non
1131 1000 1270 1059 continet
1283 1004 1314 1059 et
1328 1005 1374 1060 est
1387 1019 1518 1060 vacuum:

336 1099 418 1155 nude
431 1102 462 1156 et
475 1095 550 1156 retia
564 1115 665 1167 coecas,
680 1094 761 1171 quod
776 1093 910 1150 multum
924 1093 958 1149 in
970 1111 1002 1150 se
1015 1091 1106 1149 vacui
1119 1091 1261 1150 habeant.

377 1190 411 1247 P.
426 1189 474 1261 45,
489 1188 611 1246 investes
624 1187 770 1244 dicuntur
781 1185 964 1261 impuberes,
982 1183 1092 1260 quibus
1109 1189 1236 1261 propter
1255 1187 1390 1242 teneram
1405 1189 1518 1243 aetatem

336 1283 422 1340 nulla
437 1301 508 1358 pars
522 1279 658 1356 corporis
671 1277 758 1355 pilat.
799 1275 868 1334 Hoc
886 1280 919 1334 et
931 1274 1087 1335 Aeneidos
1102 1276 1155 1334 lib.
1169 1275 1264 1334 VIII.
1278 1276 1399 1336 videtur
1409 1278 1518 1336 sensissi

335 1372 514 1451 Vergilius:
537 1373 554 1400 “
566 1369 668 1427 Aurae
681 1367 831 1428 caesaries
844 1367 913 1426 ollis
924 1371 1018 1444 atque
1031 1387 1125 1426 aurea
1137 1367 1261 1426 vestis.”

378 1464 512 1532 Servius,
525 1460 563 1518 A.
578 1461 606 1519 8.
622 1461 688 1532 659,
704 1481 796 1518 aurea
810 1460 905 1531 ccctis,
920 1459 979 1518 hoc
992 1463 1039 1518 eet
1053 1460 1154 1517 barba.
1195 1458 1286 1517 Unde
1299 1465 1406 1519 eontra
1416 1462 1517 1520 inceste

336 1557 466 1616 dicimus
479 1554 639 1612 icctcrbcc:
662 1552 743 1610 unde
756 1555 803 1610 est
819 1550 864 1626 (v.
879 1546 954 1629 160)
976 1553 994 1579 “
1003 1555 1079 1609 tune
1098 1550 1175 1608 mihi
1188 1550 1288 1628 prima
1301 1571 1394 1628 genas
1407 1555 1517 1612 vestibe

336 1653 409 1711 flore
423 1646 577 1710 iuventa.”

377 1743 479 1823 (Paul.
495 1763 524 1820 p.
539 1741 599 1800 368
612 1761 635 1799 s.
652 1761 680 1798 v.
695 1735 860 1819 vesticeps.)

376 1835 411 1894 P.
425 1832 473 1905 48,
488 1833 671 1891 silicernium
682 1832 812 1908 pessime
823 1831 1036 1907 intellegentes
1047 1831 1093 1891 ita
1105 1832 1241 1909 poeinese
1254 1833 1417 1892 Terentiam
1429 1841 1518 1912 putan

336 1927 419 2005 qnod
438 1925 624 1984 incurvitate
643 1923 742 1982 silices
766 1929 872 1981 cernat
893 1943 994 1983 senex.
1047 1923 1239 1983 Siticemicca
1259 1930 1308 1983 est
1328 1926 1446 2004 proprie
1468 1949 1518 1986 oon

335 2020 451 2078 virium
472 2018 601 2075 funebre
624 2015 706 2093 quod
725 2015 848 2074 senibus
868 2015 1038 2074 exhibetur.
1078 2016 1178 2075 Varro
1196 2017 1381 2095 Meleagria:
1404 2021 1518 2079 “Funu

335 2110 511 2188 exsequiali,
525 2110 610 2167 laute
629 2109 669 2166 ad
689 2109 865 2184 sepulcrum
886 2109 1015 2187 antiqno
1035 2131 1120 2170 more
1141 2111 1328 2170 silicernium
1347 2113 1518 2172 conieoimn

334 2205 368 2263 id
381 2209 426 2262 est
439 2199 633 2278 περίδειπνονι
656 2221 715 2277 quo
731 2201 833 2278 pransi
854 2201 1045 2262 discedentes
1060 2204 1190 2262 dicimus
1203 2205 1283 2263 alius
1296 2205 1349 2263 alii
1363 2206 1461 2264 Vale.'’

377 2296 510 2364 Servius,
525 2292 564 2351 A.
579 2295 605 2353 5.
621 2294 668 2364 92,
682 2294 791 2352 leviter
805 2295 942 2370 gustavit
956 2296 1061 2372 epulas
1076 2338 1083 2353 .
1099 2339 1106 2354 .
1121 2339 1128 2352 .
1143 2316 1221 2373 quae
1234 2297 1417 2355 silicernium
1435 2299 1518 2357 dicut

335 2393 388 2448 tur
409 2385 497 2464 quasi
516 2385 693 2456 siticeniccn,
708 2403 802 2462 super
820 2384 935 2443 silicem
948 2386 1073 2462 positae.
1115 2386 1153 2445 In
1172 2387 1226 2446 tbe
1241 2387 1366 2448 Servius
1378 2389 1411 2448 ot
1431 2390 1518 2446 Dani·

335 2500 386 2540 are
399 2477 499 2537 added
519 2476 571 2535 the
585 2477 693 2548 words,
708 2496 787 2553 quae
806 2477 939 2553 peractis
955 2477 1050 2536 scens
1070 2479 1195 2537 senibus
1208 2479 1369 2552 dabantur,
1385 2485 1422 2539 nt
1434 2500 1467 2539 se
1480 2482 1518 2539 cit

335 2571 501 2631 morituros
515 2572 741 2645 cognoscerent.

376 2664 410 2721 P.
434 2661 481 2731 50,
497 2662 582 2738 fores
602 2659 858 2735 significationem
878 2659 990 2720 habere
1008 2680 1028 2718 a
1041 2662 1143 2738 socco,
1166 2660 1249 2738 quod
1272 2661 1405 2721 Romani
1429 2670 1518 2722 veter

329 2756 457 2834 saccom
469 2755 571 2811 atrum
585 2751 824 2828 appellaverint;
845 2756 876 2811 et
894 2753 977 2829 qnod
997 2772 1054 2830 per
1071 2753 1216 2811 obscuras
1232 2756 1326 2830 atque
1344 2760 1429 2813 atras
1441 2762 1518 2814 noct

335 2848 509 2921 opportuna
535 2841 577 2899 sit
603 2840 646 2899 eis
672 2841 746 2899 mali
773 2841 903 2913 effectio,
928 2862 979 2901 eos
1006 2843 1104 2902 dictos
1131 2842 1226 2915 fures,
1248 2842 1349 2903 Varro
1377 2844 1517 2924 (ostendi

335 2936 453 2994 Rerum
474 2933 690 2991 Humanarum
711 2932 763 2990 lib.
787 2932 896 2993 XIV.:
918 2936 1045 2998 “turem
1065 2954 1104 2993 ex
1123 2954 1158 2993 eo
1178 2935 1295 2995 dietum
1316 2938 1401 3013 qnod
1418 2938 1517 2996 turvu

335 3031 438 3086 atrum
446 3024 675 3102 appellaverint,
685 3028 716 3081 et
722 3025 809 3101 sorec
823 3044 878 3101 per
890 3026 1034 3085 obscuras
1047 3031 1151 3085 noctes
1165 3033 1259 3104 aterne
1272 3033 1355 3089 atras
1368 3029 1518 3089 furentur

377 3116 512 3183 Servius,
533 3114 573 3173 A.
596 3115 624 3173 9.
645 3114 714 3184 350,
730 3116 817 3192 swrec
845 3117 913 3176 ideo
938 3118 1015 3176 dicti
1037 3123 1111 3177 eunt
1132 3118 1207 3196 quid
1225 3121 1316 3197 focco
1338 3121 1438 3180 idest
1460 3123 1517 3198 nig

335 3214 473 3283 tempore
487 3205 573 3264 furta
585 3205 794 3266 committunt.

377 3298 414 3357 G.
430 3296 458 3355 3.
472 3293 541 3367 407,
558 3297 616 3375 scr
633 3303 737 3356 autem
757 3318 776 3356 a
790 3300 882 3376 sarco
903 3298 1005 3358 dietus
1018 3305 1072 3369 eet,
1090 3299 1123 3356 id
1143 3305 1190 3358 est
1207 3302 1302 3377 cipro.
1344 3302 1428 3361 Nam
1450 3318 1518 3361 noer

334 3389 436 3447 utitur
459 3392 604 3465 tempore.
645 3388 793 3447 Horatius
818 3387 934 3466 (Germ.
956 3390 1048 3449 213.
1070 3386 1124 3469 21)
1148 3395 1268 3468 “quam
1291 3413 1388 3470 paene
1413 3394 1517 3452 vidim

335 3482 443 3540 furvae
456 3500 552 3557 regne
572 3478 801 3557 Proserpinae.’'
841 3480 907 3540 Aut
927 3486 1011 3541 certe
1034 3501 1053 3540 a
1077 3481 1195 3543 Graeco
1209 3484 1301 3557 venit,
1316 3504 1390 3543 nam
1410 3485 1469 3543 tur
1491 3491 1517 3561 φ

335 3577 471 3633 vocatur.

374 3663 409 3721 P.
431 3663 479 3733 51,
503 3662 585 3738 pecti,
605 3681 709 3739 peaes,
734 3665 784 3723 vel
806 3665 937 3741 pecoris,
965 3664 1009 3723 sio
1037 3664 1120 3723 enim
1139 3686 1160 3723 a
1180 3666 1319 3743 pluribus
1347 3668 1515 3727 declinato

334 3754 552 3833 proprietatem
566 3753 650 3811 docti
662 3759 781 3814 veteres
802 3755 882 3815 hanc
902 3775 967 3815 esee
984 3756 1156 3826 voluerunt,
1171 3759 1255 3834 quod
1273 3779 1350 3837 quae
1367 3761 1405 3818 in
1419 3780 1459 3819 ea
1473 3781 1518 3819 su:

333 3845 423 3923 quasi
436 3844 558 3923 penitus
572 3846 604 3903 et
616 3844 649 3901 in
662 3845 870 3922 penetralibus
883 3847 1099 3906 recondantur.
1133 3848 1204 3907 Hoc
1216 3855 1248 3907 et
1259 3850 1292 3909 in
1305 3852 1452 3929 antiquis
1466 3853 1516 3910 lib

333 3942 365 3996 et
379 3935 627 4015 philosophorum
640 3937 825 3997 tractatibus
837 3938 1002 3997 invenitur.

375 4026 512 4098 Servius,
527 4026 565 4084 A.
581 4026 609 4085 2.
631 4025 690 4085 508
704 4025 827 4104 (Dan),
841 4050 914 4089 sane
928 4032 1098 4106 penetratio
1112 4032 1235 4110 proprIe
1249 4034 1376 4093 deornm
1392 4034 1518 4095 dieunt

333 4138 396 4178 non
414 4136 571 4194 nunquam
596 4116 689 4175 etiam
711 4117 789 4177 imae
810 4125 842 4178 et
865 4121 1025 4180 interiores
1047 4127 1150 4199 partes
1172 4124 1362 4201 privatarum
1387 4127 1518 4186 domori

333 4217 492 4281 vocantur,
509 4209 591 4268 unde
604 4214 634 4267 et
643 4214 756 4286 penam
770 4212 900 4272 dicimus
919 4214 1021 4273 locum
1041 4216 1096 4274 nbi
1115 4218 1291 4277 conduntur
1303 4239 1383 4297 quae
1398 4220 1445 4278 ad
1460 4221 1518 4279 vit:

333 4310 408 4364 sunt
421 4303 598 4362 necessaria.

377 4394 511 4467 Servius,
522 4392 558 4453 A.
571 4396 596 4453 1.
615 4394 680 4468 703,
695 4397 777 4456 inter
791 4416 906 4473 pecata
919 4403 951 4457 et
964 4402 1123 4459 cellarium
1136 4403 1192 4461 hoo
1206 4388 1344 4473 interest,
1359 4406 1453 4481 quod
1472 4408 1518 4464 cel
