3192 4950
283 405 400 472 lxxxvi
439 403 532 470 THE
555 400 763 470 ANCIENT
787 397 1164 468 COMMENTATORS
1187 397 1252 466 ΟΝ
1274 397 1443 466 VIRGIL.

688 637 863 710 NONIUS,
884 635 1004 698 BOOK
1025 636 1084 696 III.

327 773 361 830 P.
375 771 442 843 194,
458 771 533 829 bubo
548 769 667 848 generis
681 767 829 827 feminini.
865 768 1024 845 Vergilius
1038 768 1191 827 Aeneidos
1204 768 1257 827 lib.
1272 767 1329 826 IV.
1346 771 1363 799 ‘⁴
1372 769 1485 844 solaque

285 862 468 924 culminibus
477 861 565 921 ferali
575 859 707 919 carmine
717 860 827 918 bubo.”
843 860 961 918 Genera
970 861 1147 918 masculino.
1165 859 1279 918 Asellio
1287 858 1486 917 Historiarum

286 957 338 1015 lib.
356 955 380 1013 Ι.
398 959 457 1016 “et
470 954 551 1032 quod
565 955 645 1012 bubo
659 954 692 1011 in
706 955 847 1012 columna
859 953 943 1012 aedis
957 953 1040 1012 Iovis
1052 953 1160 1012 sedens
1174 957 1354 1029 conspectus
1368 952 1439 1009 est.’'

328 1046 414 1106 Serv.
436 1045 474 1104 A.
498 1046 526 1104 4.
551 1046 620 1118 462,
644 1047 707 1104 solo
728 1055 837 1104 contra
858 1063 956 1122 genus
983 1044 1094 1121 posuit.
1135 1043 1278 1102 Lucanus
1310 1046 1371 1101 “et
1397 1044 1487 1102 laetae

284 1138 426 1196 iurentur
438 1157 509 1196 aves
530 1138 651 1196 bubone
671 1136 825 1194 sinistro.”
866 1135 947 1194 Item
962 1135 1091 1194 Ovidius
1113 1134 1287 1194 “infandus
1301 1134 1411 1194 buho.”
1449 1134 1488 1192 lla

284 1229 342 1289 hoc
356 1234 404 1288 est
416 1229 450 1286 in
463 1249 531 1299 usu,
546 1229 598 1288 sed
611 1226 768 1305 Vergilius
781 1227 924 1297 mutavit,
938 1227 1073 1285 referens
1086 1227 1126 1286 ad
1139 1247 1236 1286 avem.

326 1319 432 1398 Comp.
447 1320 586 1378 Priscian
600 1319 627 1390 l,
642 1339 672 1396 p.
686 1319 754 1378 206.
797 1317 830 1376 Is
844 1318 898 1376 the
910 1323 982 1377 note
995 1317 1076 1376 from
1091 1316 1189 1396 Caper
1201 1339 1236 1377 or
1250 1316 1394 1376 Probus?

327 1413 363 1470 P.
378 1411 505 1480 196-7,
521 1412 620 1470 claues
633 1410 787 1469 feminino.
821 1409 979 1480 Horatius,
995 1413 1013 1440 “
1023 1411 1104 1486 quod
1118 1410 1265 1487 pulchrae
1278 1411 1390 1481 clunes,
1405 1412 1491 1469 breve

285 1505 368 1582 quod
391 1506 492 1581 capnt,
516 1503 612 1560 ardua
635 1502 767 1560 cervix.”
808 1501 987 1572 Masculino,
1010 1499 1141 1560 Plautus
1160 1502 1305 1579 Agroico,
1326 1504 1442 1578 “quam
1465 1502 1491 1559 si

286 1599 387 1675 lupus,
401 1597 441 1655 ab
453 1595 545 1654 ermis
559 1595 654 1665 valeo,
670 1595 775 1654 clunes
789 1594 926 1653 deiectos
941 1594 1044 1669 gero.'’

327 1687 391 1748 The
404 1707 509 1746 source
523 1686 555 1746 of
569 1687 631 1746 this
645 1691 718 1745 note
730 1687 757 1745 is
772 1687 946 1764 ultimately
954 1686 1085 1745 Verrius
1105 1686 1249 1759 Flaccus3
1270 1686 1388 1757 Festus,
1402 1707 1430 1764 p.
1446 1687 1492 1758 61,

286 1781 387 1840 elmar
399 1779 580 1837 masculino:
596 1778 725 1837 Plautus
741 1779 856 1856 “qnasi
866 1779 1015 1854 lupus,eb
1027 1779 1121 1837 armis
1135 1779 1229 1850 valeo,
1241 1779 1347 1838 clunes
1361 1779 1495 1837 deiectos

285 1871 388 1950 gero.”
428 1870 494 1929 But
507 1871 534 1929 it
547 1876 630 1929 must
644 1871 722 1930 have
735 1871 812 1929 been
828 1875 926 1930 recast
939 1872 1001 1930 and
1013 1871 1201 1948 augmented
1218 1872 1258 1949 by
1273 1873 1351 1930 later
1363 1872 1495 1931 scholare

285 1964 389 2024 before
402 1962 428 2020 it
443 1981 506 2020 was
524 1963 599 2021 used
617 1963 658 2040 by
677 1961 802 2022 Servius
816 1960 868 2040 (a
884 1964 913 2021 2.
928 1959 1013 2042 554),
1028 1965 1125 2022 clunic
1145 1963 1299 2022 Iuvenalis
1318 1965 1495 2035 benedixit,

286 2057 305 2086 “
316 2053 447 2114 tremulo
467 2053 654 2112 descendant
674 2055 765 2113 clune
785 2055 935 2132 puellae‚”
956 2054 1106 2114 Horatius
1127 2056 1205 2114 male
1226 2057 1336 2133 “quod
1352 2056 1496 2134 pulchrae

286 2145 419 2206 clunes.”
461 2145 599 2204 Priscian
613 2145 640 2217 1,
656 2165 685 2222 p.
701 2146 768 2217 160,
782 2147 953 2206 illustratos
968 2147 1009 2225 by
1028 2148 1081 2206 the
1099 2167 1181 2206 same
1202 2148 1263 2207 line
1282 2149 1363 2207 from
1376 2148 1496 2207 Horace

285 2237 347 2297 and
371 2257 427 2296 one
450 2235 519 2314 (the
540 2255 624 2294 seme
642 2235 674 2314 l)
695 2236 776 2295 from
795 2237 945 2297 Juvenal:
968 2237 1134 2312 Charisius,
1154 2260 1182 2317 p.
1197 2240 1266 2310 101,
1280 2241 1321 2317 by
1342 2240 1395 2298 the
1414 2259 1498 2300 same

287 2328 416 2400 Horace,
436 2328 497 2386 and
510 2345 653 2405 passages
673 2327 754 2387 from
778 2327 925 2389 Scaevola
937 2328 999 2386 end
1021 2329 1176 2390 laberius.
1217 2331 1282 2389 'Phe
1305 2333 1386 2409 gloss
1403 2333 1436 2390 in
1458 2333 1499 2391 its

287 2419 360 2479 final
381 2419 462 2479 form
485 2437 518 2479 as
538 2419 631 2496 given
650 2419 690 2498 by
713 2417 840 2478 Servius
853 2419 955 2479 would
975 2439 1057 2480 seem
1074 2426 1106 2481 to
1123 2423 1161 2481 be
1181 2422 1262 2481 later
1281 2423 1357 2481 than
1369 2423 1499 2495 Probus,

223 2556 227 2569 .
287 2513 391 2571 unless
404 2511 514 2571 indeed
527 2510 553 2569 it
566 2510 593 2568 is
605 2511 736 2589 possible
747 2512 816 2570 that
829 2512 868 2570 he
881 2512 972 2570 could
986 2512 1064 2572 have
1076 2515 1190 2590 quoted
1202 2514 1283 2571 from
1297 2514 1438 2574 Juvenal.

327 2604 362 2663 P.
386 2604 453 2678 200,
483 2606 564 2663 color
592 2604 712 2681 generis
738 2604 911 2663 masculini.
952 2604 1110 2683 Vergilius
1134 2606 1354 2684 Georgicorum
1376 2609 1429 2667 lib.
1456 2609 1499 2666 II.

290 2697 354 2756 “Si
377 2718 439 2756 non
461 2701 549 2755 tauta
572 2696 658 2773 quies
686 2697 745 2755 iret
772 2698 952 2774 caelumque
979 2700 1170 2775 caloremque
1199 2699 1313 2758 Inter.”
1367 2700 1499 2759 Neutri:

288 2790 416 2848 Plautus
430 2789 608 2860 Mercatore,
625 2791 642 2818 ‘⁴
653 2808 751 2865 neque
765 2790 848 2848 calor
860 2808 960 2866 neque
972 2790 1075 2867 frigus
1087 2791 1220 2850 metuo.”

329 2882 550 2960 Philargyrius,
574 2879 610 2940 G.
635 2882 662 2939 2.
682 2882 741 2940 344
767 2880 939 2963 (frigusque
962 2886 1145 2959 coloremque
1168 2883 1287 2959 Inter):
1308 2883 1372 2942 init
1398 2889 1504 2943 autem

289 2976 373 3055 prior
386 2975 474 3033 lectio
482 2975 644 3052 frigusque
664 2976 823 3049 colorque:
845 2980 881 3031 ut
895 2974 1026 3033 Plautus
1047 2978 1065 3005 “
1075 2994 1173 3053 neque
1192 2974 1293 3053 frigus
1305 2995 1405 3053 neque
1419 2978 1506 3035 calor

288 3072 393 3126 metuo
407 3084 504 3142 neque
518 3070 644 3123 ventum
658 3084 758 3142 neque
772 3064 983 3142 grandinem.'’

330 3157 365 3215 P.
381 3156 448 3227 202,
465 3174 581 3214 crocum
595 3157 715 3233 generis
729 3156 839 3215 nentri.
883 3154 1046 3215 Sallustius
1061 3156 1271 3215 Historiarum
1286 3157 1339 3215 lib.
1354 3156 1398 3215 11.
1414 3158 1507 3217 “iter

290 3248 384 3307 vertit
403 3246 443 3304 ad
465 3244 626 3322 Corycum,
651 3247 759 3306 urbem
779 3246 929 3305 inclutam
949 3247 1089 3324 pastibus
1114 3252 1208 3323 atque
1233 3266 1358 3306 nemore
1379 3247 1414 3305 in
1442 3267 1506 3325 qno

290 3362 413 3401 crocum
427 3340 599 3418 gignitur.'’

331 3428 511 3489 Masculini:
546 3427 705 3505 Vergilius
741 3427 959 3506 Georgicorum
984 3428 1038 3488 lib.
1062 3428 1118 3487 IV.
1149 3431 1211 3487 “et
1237 3428 1364 3507 glaucas
1386 3428 1508 3499 salices,

290 3524 463 3598 casiamque
478 3538 660 3598 crocumque
673 3521 865 3580 rubentem”

336 3615 469 3686 Servius,
494 3612 583 3672 (1.4.
606 3612 675 3685 182,
707 3613 873 3673 Sallustius
903 3615 935 3671 in
963 3613 1100 3672 historiis
1128 3614 1173 3671 eit
1201 3612 1263 3670 “in
1295 3632 1356 3689 quo
1381 3632 1512 3671 crocum

293 3706 463 3787 gignitnr‚”
478 3724 589 3785 genere
601 3712 711 3765 neutro
724 3707 893 3765 secundnm
906 3710 1004 3765 artem
1018 3726 1102 3765 usus.

333 3803 368 3861 P.
389 3802 457 3873 209,
480 3800 660 3859 insomnium
687 3800 807 3875 generis
840 3802 950 3859 neutri
1007 3799 1178 3869 Feminini3
1213 3797 1364 3858 Caecilius
1390 3798 1515 3871 Plocio,

294 3892 518 3969 “consequitur
531 3912 631 3950 comes
645 3892 828 3951 insomnia.”

333 3984 451 4045 Charis.
466 4004 494 4061 p.
510 3983 566 4041 101
582 3988 691 4059 quotes
705 3982 857 4042 Pacuvius
871 3984 904 4041 in
918 3987 1049 4060 support
1062 3981 1095 4042 of
1110 3983 1164 4041 the
1177 3982 1325 4042 feminine
1338 3983 1430 4054 form,
1447 3982 1515 4040 aud

293 4076 398 4154 Virgil
412 4074 448 4133 A.
465 4074 494 4131 4.
509 4073 540 4132 9:
559 4072 685 4132 Servius
698 4092 739 4130 on
751 4073 815 4132 this
828 4093 958 4152 passage
972 4093 1049 4150 says,
1064 4074 1245 4132 sciendum.
1261 4115 1269 4130 .
1289 4074 1403 4150 quiesi
1419 4080 1517 4131 terret

293 4164 473 4250 (insomnio)
497 4165 674 4236 dixerimus,
693 4164 821 4241 antiqua
841 4166 901 4225 erit
922 4165 1062 4225 elocutio.
1104 4166 1260 4223 insomnio
1278 4166 1369 4235 enim,
1385 4166 1465 4224 licet
1485 4172 1519 4221 et

293 4258 445 4316 Pacuvius
459 4262 490 4316 et
503 4256 622 4316 Ennius
642 4257 821 4334 frequenter
841 4258 984 4331 dixerint,
1000 4257 1119 4317 Plinius
1140 4262 1244 4316 tamen
1263 4257 1396 4317 exclusit
1416 4262 1452 4317 et
1475 4258 1518 4314 de

292 4370 351 4408 nsu
364 4348 504 4409 removit.

334 4441 367 4498 P.
391 4442 458 4515 225,
473 4442 585 4501 scrobes
602 4442 749 4501 feminino
767 4460 884 4520 genere.
926 4440 1107 4514 Masculino,
1122 4440 1254 4500 Plautus
1267 4439 1514 4519 Amphitruone,
