3192 4950
312 322 348 386 xl
502 318 666 387 VIRGIL
688 318 789 386 ΛΝΒ
811 317 891 386 HIS
913 317 1123 386 ANOIHNT
1145 316 1335 386 camos,

356 491 481 550 Servius
501 511 541 550 on
558 488 636 550 Aen.
655 491 704 549 12.
720 489 789 560 266,
805 489 890 549 “hoo
907 489 974 549 loco
992 491 1032 549 ab
1051 488 1180 549 Homeri
1199 488 1375 549 oeconomia
1390 491 1487 548 recessi

314 583 371 640 Ille
393 578 555 659 (antemi)
579 580 698 640 inducit
718 579 891 639 Minervam
915 580 1150 657 persuadentem
1174 579 1314 638 Pandaro
1334 582 1371 637 ut
1391 579 1467 638 iacto

315 671 486 730 Menelaum
500 671 561 729 telo
575 671 703 748 dissipet
720 669 855 729 foedera.
896 669 958 728 Hic
972 689 1043 728 vero
1057 670 1134 728 dicit
1151 669 1253 747 ipsum
1266 689 1414 748 augurem
1426 671 1486 728 telu

314 769 423 841 sponte
431 764 566 836 torsisse,
573 767 605 822 ct
613 763 758 822 occidisse
765 783 864 820 unum
872 762 910 822 de
918 783 1027 822 novem
1035 762 1213 821 fratribus.''
1232 760 1488 838 Aen.9.269(1)a.1

315 856 500 917 “honestius
520 857 595 915 fecit
614 857 698 915 ultro
719 856 832 927 offerri,
847 876 919 914 cum
935 855 1091 914 Homerus
1109 856 1218 914 fecerit
1232 855 1382 914 Dolonem
1394 854 1488 913 Achil]

315 967 425 1007 currus
446 948 583 1024 improbe
604 947 842 1026 postulantem.”
882 944 958 1006 Aen.
974 948 1003 1006 9.
1018 947 1078 1006 804
1100 947 1238 1006 “melius
1259 965 1353 1023 quam
1373 945 1488 1005 Homer

317 1041 399 1100 huno
412 1042 514 1100 locum
528 1047 674 1101 executus
688 1045 751 1112 est;
771 1040 856 1099 salvo
870 1040 953 1100 enim
966 1059 1057 1099 sensu
1072 1039 1184 1100 vitavit
1196 1044 1229 1098 et
1246 1039 1386 1098 fabulosa
1398 1042 1429 1098 et
1441 1037 1489 1096 vil:

316 1139 397 1196 Nam
411 1138 462 1197 ille
475 1139 556 1215 ipsas
570 1137 668 1197 mines
682 1136 890 1211 exsequitur.”

358 1229 402 1288 To
416 1229 503 1288 these
514 1249 586 1307 may
600 1231 638 1288 be
653 1227 754 1287 added
769 1229 822 1287 the
843 1227 1002 1305 following
1019 1227 1158 1286 remarks
1171 1247 1211 1286 on
1224 1226 1353 1302 Virgil’s
1365 1229 1489 1284 treatme

318 1321 351 1381 oi
369 1323 514 1399 theology
527 1322 589 1380 and
602 1319 800 1398 mythology:
823 1321 998 1380 Macrobius
1013 1323 1040 1382 5.
1056 1321 1104 1380 16.
1120 1321 1147 1394 8,
1164 1321 1361 1381 “Fortunam
1374 1321 1489 1380 Homer

317 1413 433 1472 nescire
446 1413 563 1486 maluit,
578 1417 611 1471 et
630 1411 685 1470 soli
704 1411 835 1482 decreto,
850 1430 943 1488 quam
956 1412 1060 1487 μοῖραν
1073 1417 1171 1485 vocat,
1185 1413 1289 1470 omnia
1301 1413 1434 1489 regenda
1446 1431 1489 1469 coi

318 1506 424 1576 mittit,
438 1505 515 1564 adeo
528 1511 565 1563 ut
582 1505 640 1563 hoc
654 1504 838 1564 vocabulum
852 1503 926 1583 τύχη
942 1504 975 1562 in
994 1506 1080 1564 nulla
1093 1511 1179 1584 parte
1194 1505 1353 1564 Homerici
1365 1505 1490 1564 volumir

318 1599 503 1659 nominetur.
556 1596 672 1657 Contra
698 1597 859 1674 Vergilius
891 1617 954 1656 non
987 1599 1088 1657 solum
1120 1599 1208 1658 novit
1238 1603 1270 1657 et
1302 1598 1448 1666 meminit,
1476 1617 1490 1655 s

319 1689 571 1767 omnipotentiam
599 1706 721 1765 quoque
745 1687 845 1747 eidem
872 1688 993 1761 tribuit,
1016 1708 1109 1766 quam
1133 1692 1164 1746 et
1187 1687 1362 1766 philosophi
1385 1688 1438 1765 qui
1464 1707 1490 1744 es

319 1783 480 1840 nominant
499 1780 577 1838 nihil
596 1800 651 1838 sua
671 1780 703 1838 vi
723 1799 822 1856 posse,
836 1779 890 1838 sed
911 1780 1028 1838 decreti
1047 1781 1111 1839 sire
1131 1781 1340 1858 providentiae
1361 1781 1490 1837 ministre

320 1893 385 1932 esse
397 1872 573 1931 voluerunt.
599 1914 605 1927 .
632 1913 639 1928 .
664 1871 682 1926 ,θ
700 1870 847 1948 Aegaeon
866 1871 949 1948 apud
963 1871 1136 1931 Homerum
1150 1871 1266 1930 auxilio
1279 1877 1327 1930 est
1345 1870 1429 1942 Iovi,
1449 1871 1491 1928 hu

319 1971 427 2026 contra
442 1963 547 2024 lovem
559 1969 680 2023 armant
694 1983 799 2022 versus
818 1963 962 2023 Maronis.
985 2008 992 2022 .
1014 2007 1022 2023 .
1044 2010 1051 2023 .
1072 1964 1198 2023 Nullam
1215 1965 1491 2025 commemorationi

320 2062 359 2122 de
372 2060 485 2120 iudicio
499 2061 620 2120 Paridis
639 2061 792 2120 Homerus
806 2060 954 2120 admittit.
995 2060 1082 2120 Idem
1096 2075 1181 2121 vates
1201 2060 1409 2140 Ganymedem
1422 2082 1485 2119 non

321 2154 449 2213 Iunonis
464 2154 610 2231 paelicem
623 2173 642 2211 a
660 2151 734 2213 Iove
752 2158 885 2230 raptum,
900 2153 956 2212 sed
975 2152 1139 2212 Iovialium
1158 2155 1338 2230 poculorum
1358 2154 1491 2212 ministri

320 2247 354 2303 in
374 2245 492 2306 caelum
511 2265 531 2302 a
551 2243 599 2301 dis
619 2243 772 2302 adscitum
791 2243 887 2302 refert
907 2287 915 2302 .
941 2285 950 2301 .
979 2288 986 2302 .
1013 2242 1175 2321 Vergilius
1194 2247 1313 2302 tantam
1333 2244 1430 2313 deam,
1452 2263 1491 2319 qu

321 2335 420 2393 cuivis
443 2335 480 2393 de
507 2332 645 2392 honestis
671 2332 795 2390 feminis
822 2331 958 2391 deforme
985 2338 1041 2405 est,
1063 2333 1148 2392 velut
1168 2334 1269 2410 specie
1287 2333 1401 2392 victam
1424 2333 1491 2392 Pari

321 2426 478 2487 iudicante
495 2425 626 2485 doluisse
640 2428 672 2483 et
692 2429 819 2503 propter
840 2423 987 2485 Catamiti
1006 2425 1190 2503 paelicatum
1210 2429 1309 2485 totam
1328 2429 1454 2503 gentem
1472 2445 1492 2484 e.

322 2536 449 2578 vexasse
462 2515 708 2575 commemorat.”

365 2610 472 2669 Under
491 2608 553 2666 thie
573 2607 654 2665 head
674 2607 747 2667 falls
766 2608 821 2666 the
842 2607 991 2667 criticism
1009 2629 1048 2668 ou
1068 2608 1121 2667 the
1133 2609 1241 2685 petitio
1257 2608 1376 2670 Venere
1387 2610 1492 2685 impud

323 2702 357 2762 oi
376 2701 452 2759 Aen.
468 2699 495 2759 8.
510 2699 578 2771 370,
600 2698 700 2759 which
714 2700 741 2757 is
760 2699 883 2759 noticed
901 2700 977 2758 both
991 2701 1032 2778 by
1047 2698 1173 2759 Servius
1187 2700 1275 2759 there
1288 2700 1350 2759 and
1365 2700 1406 2778 by
1420 2700 1492 2759 Mac

323 2795 393 2853 bius
411 2792 437 2851 1.
461 2792 508 2850 24.
531 2793 558 2863 2,
581 2789 643 2849 and
666 2790 735 2849 that
757 2810 840 2867 upon
865 2790 1028 2849 Pilumnus
1052 2792 1115 2850 and
1139 2789 1282 2869 Orithyia
1298 2792 1476 2851 mentioned

326 2887 452 2947 Servius
475 2906 516 2945 on
537 2884 614 2944 Aen.
639 2885 687 2943 12.
708 2884 756 2958 83,
780 2887 890 2945 “unde
911 2887 1011 2945 critici
1033 2888 1160 2963 culpant
1181 2887 1239 2946 hoc
1262 2888 1329 2947 loco
1352 2887 1492 2966 Vergilia

325 2979 462 3037 diceutes
480 2978 686 3053 incongruum
707 2996 772 3035 esse
789 2976 979 3054 figmentum.
1021 2977 1163 3055 Namque
1186 2977 1330 3056 Orithyia
1349 2998 1422 3038 cum
1443 2978 1492 3037 At

326 3070 440 3129 niensis
466 3068 571 3139 fuerit,
600 3068 662 3127 filia
688 3066 886 3145 Terrigenae,
910 3074 942 3127 et
963 3088 983 3128 a
1005 3067 1103 3128 Borea
1123 3070 1157 3126 in
1184 3069 1347 3129 Thraciam
1373 3076 1465 3147 rapta

328 3162 585 3241 quemadmodum
619 3161 722 3237 potuit
743 3160 897 3233 Pilumno,
931 3161 985 3238 qui
1011 3167 1077 3220 erat
1104 3162 1137 3219 iu
1165 3161 1266 3232 Italia,
1295 3182 1390 3239 equos
1412 3163 1487 3221 dare

327 3253 462 3313 Furtber
475 3271 519 3311 we
532 3271 603 3328 may
615 3252 716 3311 notice
730 3252 783 3311 the
796 3252 918 3310 remark
931 3252 965 3310 of
980 3252 1106 3312 Servius
1120 3273 1160 3311 on
1172 3252 1250 3312 Aen.
1265 3255 1293 3313 3.
1307 3254 1357 3326 46,
1371 3254 1444 3313 that
1458 3256 1492 3312 th

327 3368 407 3407 were
428 3366 553 3426 persons
575 3345 643 3404 who
664 3346 784 3405 blamed
803 3344 909 3422 Virgil
933 3346 982 3404 lor
1005 3345 1169 3422 inserting
1188 3347 1241 3405 the
1261 3346 1380 3425 change
1401 3348 1435 3405 oi
1458 3348 1492 3406 sb

328 3439 394 3499 into
407 3437 540 3517 nymphe
561 3437 594 3494 in
607 3437 662 3496 the
674 3437 766 3495 ninth
780 3438 870 3509 book,
885 3438 935 3496 for
956 3436 1009 3495 the
1024 3442 1109 3515 story
1123 3436 1156 3495 of
1177 3437 1230 3495 the
1248 3438 1362 3515 golden
1384 3440 1492 3516 bough

328 3532 383 3591 the
396 3530 479 3589 sixth
492 3528 581 3601 book,
596 3527 657 3588 and
678 3528 729 3586 for
750 3530 802 3587 the
815 3528 942 3587 mission
955 3528 988 3587 of
1010 3527 1071 3587 Iris
1092 3534 1124 3587 to
1147 3527 1229 3587 Dido
1242 3534 1277 3587 at
1296 3530 1350 3589 the
1362 3531 1426 3589 end
1440 3531 1474 3589 of

330 3623 436 3681 fourth
460 3621 549 3681 book.
601 3620 667 3680 The
693 3620 945 3681 lastmentioned
968 3621 1126 3692 criticism,
1151 3641 1197 3680 we
1223 3621 1324 3693 know,
1349 3641 1437 3681 came
1464 3622 1492 3680 fr

332 3712 506 3785 Cornutus3
524 3712 700 3771 Macrobius
715 3713 744 3772 ὅ.
759 3714 807 3772 19.
824 3714 851 3784 2,
867 3717 885 3743 “
895 3713 955 3772 Iris
969 3733 988 3772 a
1001 3712 1121 3773 Iunone
1134 3713 1227 3773 missa
1240 3713 1372 3773 abscidit
1386 3715 1415 3773 ci
1430 3716 1492 3773 cria

333 3812 364 3867 et
384 3807 424 3866 ad
448 3805 564 3866 Orcum
587 3805 692 3864 refert.
733 3806 825 3865 Hane
845 3805 1004 3882 Vergilius
1024 3827 1087 3865 non
1111 3806 1149 3864 de
1166 3807 1264 3865 nihilo
1284 3806 1424 3866 fabulam
1445 3808 1489 3865 fin

331 3899 414 3958 sicut
438 3898 489 3957 vir
513 3897 589 3957 alias
617 3896 811 3957 doctissimus
839 3897 996 3958 Cornutus
1026 3898 1192 3970 existimat,
1227 3898 1282 3973 qui
1314 3898 1492 3959 adnotatior

332 3990 482 4050 eiusmodi
490 3990 632 4069 adposuit
641 3989 689 4048 his
699 3990 851 4062 versibus,
869 3990 974 4050 ‘Unde
983 3990 1204 4062 baecbistoria,
1213 3992 1350 4050 uterinis
1359 3992 1489 4051 auieren

332 4082 374 4141 sit
392 4082 600 4152 morientibus,
615 4081 793 4158 ignoratum
814 4082 868 4141 sed
887 4082 1029 4141 adsuerit
1046 4082 1165 4161 poetico
1183 4103 1268 4142 more
1280 4083 1401 4160 aliquid
1422 4084 1490 4159 fing

332 4180 365 4232 at
382 4174 418 4232 de
434 4194 522 4232 aureo
543 4172 645 4231 ramo!
688 4172 749 4232 Sed
770 4193 819 4233 me
837 4174 933 4251 pudet
953 4174 1036 4251 quod
1057 4179 1161 4232 tantus
1174 4173 1230 4245 vir,
1247 4174 1435 4234 Graecarum
1454 4183 1492 4233 et:

334 4264 528 4323 doctissimus
561 4262 757 4333 litterarum„
773 4263 930 4341 ignoravit
964 4263 1123 4342 Euripidis
1156 4264 1375 4325 nobilissimam
1411 4266 1491 4325 fabu

670 4384 682 4420 ⁸
699 4386 823 4453 Compare
833 4388 939 4440 Serum
950 4390 1043 4454 (Dan.)
1054 4406 1089 4441 ou
1100 4390 1167 4442 Aen.
1179 4391 1218 4442 10.
1230 4392 1285 4442 567.
