3192 4950
347 349 409 416 xlii
540 348 705 417 VIRGIL
727 349 827 417 AND
848 348 928 417 HIS
950 348 1158 418 ANOIEN'P
1180 349 1369 420 camos

387 525 404 584 I
418 525 481 584 will
495 525 557 585 add
568 525 642 584 here
655 544 739 584 some
752 525 841 584 other
853 525 1084 584 miscellaneous
1097 525 1261 585 criticisms
1274 547 1316 585 on
1334 525 1436 586 details
1447 527 1493 584 in*

346 619 501 678 narrative
515 618 547 678 oi
568 619 620 678 the
633 617 753 678 Aeneid
767 618 868 678 which
881 618 898 677 I
915 620 994 679 have
1007 620 1131 680 nctioed
1143 621 1178 678 in
1189 620 1325 680 Servius.
1364 620 1451 700 Many
1463 641 1491 678 m

347 730 399 769 666
412 710 557 769 collected
570 710 611 787 by
625 708 668 768 M.
684 709 815 768 Thomas
829 711 863 770 in
876 710 925 768 his
938 729 1025 788 essay
1039 731 1080 770 on
1096 709 1220 770 Servius
1233 733 1263 789 p.
1279 710 1338 774 247
1351 711 1411 771 toll

388 805 415 864 1.
432 803 478 876 71,
495 807 632 862 “notant
644 803 821 881 Vergilium
834 803 942 877 critici,
956 804 1011 882 qui
1023 804 1133 864 marito
1147 806 1302 884 promittit
1313 825 1449 876 uxorem
1465 825 1493 882 qr

346 902 472 955 excusat
486 896 571 973 regia
583 895 737 954 licentia.”

386 989 414 1046 2.
430 987 497 1060 668,
514 990 651 1047 “notant
671 987 730 1047 hoc
751 987 860 1058 critici,
879 989 954 1065 quia
974 988 1096 1066 saepius
1116 988 1229 1047 armari
1249 988 1368 1065 aliquos
1387 987 1492 1046 616166

346 1084 519 1138 exarmatos
532 1098 692 1156 nunquam
706 1078 878 1137 ostendat.”

385 1171 414 1229 4.
440 1171 498 1230 509
524 1169 640 1249 (Dan-l,
666 1171 854 1248 “quaeritur
884 1190 903 1229 a
929 1170 1114 1248 quibusdam
1140 1189 1220 1247 quae
1247 1170 1289 1229 sit
1307 1169 1380 1230 haec
1406 1188 1493 1228 sacer(

345 1265 418 1341 quia
430 1265 515 1323 illam
532 1265 631 1343 ipsam
650 1264 747 1342 accipi
762 1264 870 1322 volunt
887 1282 967 1341 quae
986 1283 1083 1342 supra
1102 1263 1186 1322 dicta
1203 1267 1258 1334 666,
1272 1267 1425 1339 tamquam
1442 1261 1492 1320 fiet

346 1355 495 1416 Didone.”

384 1450 413 1507 4.
429 1450 497 1521 546,
513 1449 692 1527 “quomodo
705 1448 764 1520 oia,
779 1467 852 1506 oum
867 1447 950 1507 dicat
962 1448 1029 1526 ipse
1042 1443 1087 1526 (1.
1102 1443 1178 1525 361)
1192 1445 1366 1506 conveniant
1378 1445 1477 1519 qartus

344 1541 443 1599 odiam
465 1543 580 1600 crudele
602 1540 722 1619 tyranni
745 1540 809 1598 Aac
831 1545 925 1596 metue
949 1559 1016 1597 coer
1037 1537 1123 1596 erati
1173 1536 1209 1596 Si
1230 1537 1312 1596 ultro
1335 1555 1493 1596 convenerr

344 1633 496 1709 quomodo
519 1633 568 1692 vic
589 1653 622 1692 se
643 1633 718 1692 dicit
737 1632 883 1690 6666116666
892 1631 937 1689 '’?
977 1629 1083 1708 Oomp.
1106 1629 1182 1688 Aen.
1207 1631 1233 1689 1.
1255 1630 1324 1700 861,
1348 1629 1493 1686 “metueb

342 1726 491 1796 laedendi,
505 1727 564 1786 hoo
573 1731 621 1786 est
634 1726 688 1803 qui
700 1727 853 1785 timebant
865 1745 905 1784 ne
918 1726 1129 1795 laederentur3
1149 1725 1232 1783 6666
1245 1729 1292 1783 eet
1305 1723 1382 1782 illud
1394 1724 1426 1782 in
1439 1743 1493 1800 que

344 1823 372 1874 et
385 1823 459 1893 qucs'
469 1817 595 1877 Sidonia
607 1819 658 1876 666
671 1818 740 1876 arbe
753 1817 862 1891 revelli,
877 1818 951 1895 quia
965 1836 1028 1875 non
1040 1817 1208 1887 voluntate,
1222 1815 1276 1874 sed
1290 1815 1360 1874 odio
1372 1819 1427 1874 aut
1443 1816 1493 1872 tim

343 1909 577 1966 convenerant.''

382 1999 411 2057 4.
427 1999 494 2072 674,
513 2001 681 2058 momerium
700 2000 816 2058 6666166
834 1999 953 2058 damet.
996 1998 1120 2058 “Multi
1142 2003 1294 2078 quaerunt
1314 1998 1463 2077 quomodo
1483 2019 1493 2077 1

343 2087 432 2147 cedet
445 2089 512 2162 hoe,
528 2091 679 2149 66666166
692 2109 804 2148 nomen
816 2109 972 2167 nusquam
985 2090 1160 2167 sequatur.”

384 2183 412 2239 5.
425 2182 494 2240 410.
512 2181 642 2256 “Quare
665 2182 735 2239 6666
755 2201 914 2258 pervacuus
927 2183 1012 2259 Erpa
1027 2183 1177 2259 quondam
1199 2187 1268 2240 tuae
1289 2202 1375 2240 cmc
1389 2181 1491 2257 feratu

343 2271 396 2331 isti
420 2279 494 2331 sunt
516 2278 634 2332 caestus
657 2273 770 2350 quibus
791 2278 901 2332 contra
923 2273 1091 2332 Herculem
1112 2271 1294 2332 dimicavit?
1336 2272 1481 2342 Solvitur,

343 2364 469 2440 quidem
486 2370 561 2424 sunt
581 2371 704 2424 caestus
726 2364 841 2442 quibus
859 2364 945 2442 Eryx
960 2365 1126 2435 dimicavit,
1141 2366 1197 2424 sed
1210 2365 1237 2424 si
1250 2365 1320 2441 quis
1332 2365 1416 2423 illius
1430 2364 1493 2424 6161

343 2460 469 2527 caestus,
494 2455 527 2515 id
554 2461 601 2517 est
628 2456 781 2530 Herculis,
807 2456 920 2535 quibus
943 2461 1053 2516 contra
1079 2455 1211 2535 Erycem
1236 2457 1320 2516 tristi
1346 2476 1492 2535 congress

342 2549 524 2624 pngnavit.''

385 2642 470 2715 Quod
489 2643 517 2699 si
533 2643 606 2720 pair,
629 2641 681 2701 doe.
725 2642 858 2716 “Quare
880 2642 958 2705 duas
971 2662 1020 2701 res
1033 2662 1090 2720 pro
1103 2662 1166 2701 666
1179 2642 1291 2721 posuit,
1305 2662 1379 2701 cum
1400 2641 1492 2700 debui

342 2732 442 2793 dicere
468 2739 525 2793 666
551 2738 671 2794 caestus
697 2738 753 2793 aut
778 2730 891 2793 arma?
934 2732 1075 2793 Solvitur
1101 2734 1163 2808 sio;
1198 2741 1312 2794 6666666
1343 2738 1418 2793 6666
1444 2733 1492 2810 qui

340 2826 521 2897 caeduntur,
537 2846 630 2897 arma,
645 2826 747 2885 omnia
760 2826 814 2885 illa
827 2831 988 2885 caestuum
1001 2826 1115 2901 quibus
1128 2826 1272 2886 bracchia
1283 2826 1489 2885 innectuntur

382 2918 410 2977 5.
434 2919 503 2991 493,
527 2918 705 2996 “quomodo
729 2918 916 2991 Mnestheus,
944 2938 1018 2978 oum
1052 2918 1223 2978 Cloanthus
1254 2918 1355 2978 victor
1385 2918 1491 2977 extite:

343 3006 490 3079 Solvitur,
504 3010 558 3068 sed
571 3010 670 3069 victor
682 3008 861 3069 Mnestheus
873 3010 999 3082 virtute,
1014 3010 1068 3086 qui
1083 3010 1122 3069 de
1134 3010 1245 3069 ultimo
1259 3010 1299 3068 ad
1312 3010 1441 3068 tertium
1455 3009 1491 3067 lo·

341 3102 457 3172 venit‚’'
473 3101 526 3161 doc.

383 3194 410 3251 5.
424 3190 492 3263 517,
509 3197 527 3224 “
540 3192 619 3253 Sane
632 3192 791 3252 sciendum
810 3193 894 3251 hune
912 3196 1015 3251 totum
1034 3193 1138 3252 locum
1157 3193 1197 3251 ab
1216 3192 1351 3252 Homero
1370 3212 1440 3253 esse
1453 3212 1490 3251 su

341 3288 419 3342 tum.
469 3284 559 3343 Unde
582 3285 683 3343 inanis
707 3288 755 3343 est
775 3284 964 3362 vituperatio
988 3283 1109 3343 Aeneae
1134 3284 1218 3361 quod
1244 3284 1444 3362 suspenderit
1470 3305 1490 3343 a

246 3402 247 3409 ¹
341 3374 541 3433 maternam.'’

383 3469 410 3527 5.
426 3469 495 3540 521,
511 3470 528 3498 ‘⁴
538 3466 653 3545 Culpat
671 3467 705 3525 in
721 3468 779 3527 hoc
796 3469 864 3527 loco
877 3467 1054 3544 Vergilium
1066 3466 1336 3545 Vergiliomastix;
1358 3469 1463 3527 artem
1476 3487 1490 3525 e

341 3560 375 3617 in
388 3580 484 3619 vacuo
498 3563 568 3619 aiire
581 3560 741 3619 ostendere
754 3580 818 3619 non
830 3560 963 3638 potuit.'’

381 3652 409 3711 5.
425 3652 493 3711 626.
515 3652 767 3711 Inconsistenoies
784 3652 818 3709 in
838 3650 892 3710 the
912 3651 1100 3728 chronology
1119 3670 1171 3709 are
1191 3649 1318 3727 pointed
1338 3654 1407 3721 out,
1428 3649 1489 3707 and

340 3748 562 3803 commentator
575 3744 712 3803 remarks
728 3748 828 3821 “ergo
850 3747 972 3802 constat
989 3744 1070 3803 hanc
1090 3743 1301 3820 quaestionem
1321 3761 1421 3799 unam
1438 3760 1489 3799 ess

340 3834 562 3905 insolubilibus,
577 3854 654 3913 quas
666 3854 730 3893 non
743 3834 872 3893 dubium
887 3838 934 3892 est
946 3834 1180 3893 emendaturum
1198 3832 1294 3891 fuisse
1307 3831 1488 3909 Vergilium

380 3925 407 3983 6.
423 3925 491 3996 661,
508 3930 525 3955 “
535 3925 622 4003 quasi
631 3926 700 4002 quis
714 3929 816 3983 castus
830 3944 896 3983 esse
914 3925 1012 4001 possit
1024 3930 1095 4002 post
1108 3928 1248 3983 mortem.
1292 3922 1355 3983 Sed
1369 3923 1462 3982 aliud
1477 3924 1488 3981 ‹'

339 4015 385 4074 66.
401 4019 456 4094 qui
469 4018 598 4079 fuerunt
610 4019 688 4077 casti
702 4018 823 4077 durnin
837 4018 1050 4077 communione
1065 4018 1149 4077 vitae
1162 4016 1391 4078 versarentur.”

381 4108 406 4169 7.
422 4110 490 4183 268,
507 4113 611 4171 “male
624 4112 714 4170 multi
728 4117 866 4189 arguunt
880 4112 1063 4191 Vergilium,
1073 4114 1158 4191 quod
1170 4113 1317 4173 Latinum
1330 4113 1465 4173 induxit
1478 4135 1488 4171 6

339 4252 448 4304 infanda
458 4252 579 4318 cupienti.
613 4252 682 4303 Nam
698 4251 742 4303 hie
758 4251 792 4301 ed
803 4252 955 4317 rapiendam
965 4254 1146 4319 Proserpinam
1163 4252 1230 4304 ierat
1245 4268 1305 4303 cum
1316 4251 1453 4313 Pirithoo,
1465 4263 1487 4300 or

338 4334 456 4381 retentus
473 4332 525 4381 luit
542 4345 646 4395 666666,
658 4332 688 4380 66
699 4330 766 4381 ardet
778 4334 951 4396 catonemque
962 4331 1077 4383 sedebit?
1111 4330 1243 4395 Hyginus’
1254 4330 1400 4381 eritieisms
1411 4344 1460 4380 666
1471 4344 1487 4378 n

337 4420 372 4456 cn
384 4411 491 4458 matters
501 4407 530 4457 ol
539 4408 639 4472 history
649 4422 679 4457 or
689 4406 847 4472 mythology.
