3192 4950
335 407 464 474 xxxviii
527 405 692 474 VIRGIL
714 406 815 474 AND
836 406 916 479 His
939 407 1148 475 ANOIENT
1171 409 1358 477 CRITIOS.

334 584 523 644 reverentiae
546 582 726 642 matronalis
747 582 901 654 educitur,
923 583 978 641 sed
997 587 1031 642 et
1056 602 1113 660 per
1138 584 1248 643 urbem
1270 585 1399 644 mediam
1417 587 1482 663 cogi

335 678 435 737 facere
449 677 621 736 discursus:
643 695 700 734 uec
709 675 767 735 hoc
781 679 927 734 contenta
939 676 1033 734 silvas
1046 676 1125 754 petit
1138 676 1245 736 accitis
1257 677 1381 755 reliquis
1392 680 1482 738 matril

336 769 370 826 in
390 769 566 828 societatem
585 766 707 826 furoris.
749 767 926 825 Bacchatur
948 767 1059 826 chorus
1077 767 1232 844 qnondam
1253 768 1389 846 pudicus,
1404 775 1433 829 et
1450 791 1482 837 or

337 859 445 920 insana
458 859 657 918 celebrantur.
693 857 776 932 Quid
790 856 902 936 plura?
938 857 1114 918 Maluissem
1123 859 1284 919 Maronem
1298 865 1330 920 et
1342 862 1373 919 in
1385 862 1437 922 hac
1450 883 1483 940 pa

337 952 421 1030 apud
446 956 603 1010 auctorem
629 971 719 1010 sunm
746 951 795 1010 vel
821 951 906 1028 apud
933 952 1098 1028 quemlibet
1126 951 1312 1012 Graecorum
1339 954 1427 1012 alium
1457 976 1483 1032 qi

339 1048 516 1120 sequeretur
528 1041 699 1102 habuisse.'’
821 1075 824 1084 ·

380 1135 477 1194 There
496 1134 523 1192 is
543 1153 583 1194 no
603 1134 701 1193 doubt
719 1135 816 1194 about
836 1132 890 1191 the
910 1133 1029 1192 coimus
1048 1134 1082 1193 of
1101 1134 1164 1192 this
1183 1135 1283 1208 critic,
1299 1136 1368 1196 who
1387 1157 1483 1215 expres

340 1227 462 1286 himself
481 1227 515 1284 in
534 1245 553 1284 a
573 1245 704 1286 nervous
718 1225 811 1285 Latin
830 1225 910 1303 style
930 1226 964 1283 of
981 1226 1083 1285 which
1097 1226 1113 1282 I
1129 1227 1209 1286 shall
1226 1228 1306 1287 have
1324 1232 1356 1288 to
1373 1230 1439 1306 give
1457 1251 1483 1289 sc

340 1338 423 1377 more
437 1319 590 1378 instances
603 1318 709 1377 below.
751 1318 835 1376 Take
845 1317 894 1376 for
906 1317 1043 1377 instance
1057 1318 1110 1377 the
1122 1318 1281 1397 following
1293 1321 1423 1379 remarks
1436 1342 1473 1380 on

339 1409 494 1490 Virgilian
514 1409 576 1468 and
597 1407 741 1468 Homeric
761 1409 946 1486 catalogues,
968 1409 1069 1467 which
1095 1409 1113 1467 I
1140 1415 1253 1470 cannot
1278 1411 1348 1489 help
1370 1421 1482 1490 suspect

338 1518 391 1560 are
411 1502 491 1560 from
512 1501 565 1559 the
585 1520 668 1560 same
687 1500 779 1560 hand.
828 1501 965 1560 Macrob.
981 1503 1009 1560 5.
1028 1501 1075 1561 15.
1092 1501 1110 1560 2
1125 1501 1307 1562 “Homerus
1324 1506 1480 1580 praetermi

339 1593 471 1652 Athenis
483 1611 519 1652 ac
532 1592 760 1652 Lacedaemone
771 1593 819 1651 vel
839 1592 916 1670 ipsis
929 1592 1077 1670 Mycenis,
1092 1593 1174 1651 unde
1187 1599 1253 1654 erat
1270 1600 1370 1654 rector
1382 1598 1483 1654 exercit

339 1685 497 1745 Boeotiam
509 1685 542 1742 in
556 1685 688 1761 catalogi
700 1685 750 1743 sui
763 1685 864 1762 capite
876 1685 998 1754 locavit,
1007 1705 1069 1743 nou
1083 1685 1123 1744 ob
1135 1685 1195 1744 loci
1208 1685 1342 1763 aliquam
1355 1687 1482 1764 diguitat

340 1777 393 1843 sed
416 1775 607 1836 notissimum
631 1776 879 1854 promuntorium
900 1774 942 1835 ad
964 1776 1125 1835 exordium
1151 1775 1212 1836 sibi
1237 1778 1418 1838 narrationis
1441 1781 1483 1836 ele

339 1870 422 1929 uude
441 1869 638 1947 progrediens
657 1870 748 1928 modo
767 1869 992 1928 mediterranea
1005 1869 1096 1928 modo
1110 1868 1264 1929 maritima
1276 1869 1380 1929 iuncta
1393 1872 1483 1929 deseri

340 1961 411 2020 inde
424 1980 530 2019 rursus
547 1960 587 2018 ad
607 1965 771 2038 utrumque
789 1960 884 2019 situm
904 1959 1134 2018 cohaerentium
1152 1961 1289 2019 locorum
1307 1962 1483 2040 disciplina«

340 2055 484 2116 cribentis
510 2054 597 2112 velut
628 2055 688 2112 iter
713 2054 833 2131 agentis
866 2054 993 2125 accedit,
1021 2074 1078 2114 uec
1110 2054 1173 2113 ullo
1207 2043 1300 2114 saltu
1322 2057 1482 2115 cohaerent

339 2148 498 2226 regionum
512 2148 546 2205 in
558 2147 637 2206 libro
658 2167 714 2207 suo
734 2147 818 2206 hiare
838 2147 1002 2224 permittit,
1017 2148 1070 2205 sed
1089 2146 1148 2206 hoc
1162 2147 1269 2207 viandi
1284 2168 1367 2207 more
1382 2151 1483 2228 procec'

339 2240 421 2299 redit
432 2239 515 2296 unde
529 2238 686 2316 digressus
707 2231 768 2310 est,
781 2244 815 2298 et
835 2239 881 2298 ita
899 2238 1008 2296 linitur
1027 2238 1174 2316 quicquid
1192 2241 1381 2300 enumeratio
1402 2242 1466 2298 eius

339 2331 500 2408 plectitur;
534 2335 641 2390 contra
668 2331 826 2406 Vergilius
858 2331 980 2388 nullum
1012 2330 1046 2388 in
1072 2330 1346 2390 commemorandis
1372 2333 1483 2409 regioni

339 2425 477 2484 ordinem
491 2428 601 2495 servat,
615 2424 668 2483 sed
682 2424 818 2484 locorum
831 2423 941 2484 seriem
954 2424 1082 2484 saltibus
1096 2423 1220 2483 lacerat.
1261 2423 1400 2485 Adducit
1416 2426 1483 2503 prin

335 2517 445 2579 Clusio
472 2524 503 2577 et
530 2517 616 2577 Oosis
643 2518 826 2587 Massicum
859 2516 943 2577 Abas
969 2516 1053 2575 hunc
1079 2516 1221 2593 sequitur
1248 2537 1342 2576 manu
1364 2518 1481 2597 Populo

339 2610 483 2688 Ilvaeque
509 2612 690 2682 comitatus;
718 2615 788 2689 post
809 2609 866 2668 hos
885 2609 992 2669 Asilan
1012 2609 1164 2667 miserunt
1184 2608 1283 2681 Pisae,
1304 2629 1382 2687 qnae
1404 2612 1480 2687 inq

338 2702 508 2779 longinque
515 2701 578 2760 sint
587 2700 729 2761 Etruriae
740 2706 829 2779 parte
838 2702 942 2761 notius
956 2705 1003 2760 est
1017 2720 1115 2778 quam
1123 2704 1161 2758 nt
1173 2700 1386 2760 adnotandum
1399 2702 1460 2773 sit;

338 2815 411 2854 mox
430 2794 510 2852 redit
531 2792 626 2853 Caere
646 2800 677 2853 et
699 2793 819 2873 Pyrgos
840 2798 872 2853 et
893 2792 1065 2865 Grauiscas,
1090 2794 1159 2851 loca
1178 2794 1247 2852 urbi
1270 2793 1419 2872 proxima,
1442 2815 1481 2871 qu

339 2886 450 2945 ducem
465 2884 611 2945 Asturem
631 2886 733 2956 dedit;
754 2885 828 2944 hinc
847 2886 930 2964 rapit
948 2884 1037 2942 illum
1059 2882 1182 2943 Cinirus
1199 2884 1239 2942 ad
1258 2884 1427 2962 Liguriam,
1451 2886 1478 2943 Ο

339 2977 507 3036 Mantuam.
563 2978 625 3038 Sed
651 2996 706 3035 nec
736 2976 770 3035 in
801 2977 939 3053 catalogo
963 2976 1153 3035 auxiliorum
1181 2974 1287 3046 Turni,
1312 2977 1338 3035 si
1360 2977 1436 3036 velis
1462 2998 1481 3034 s·

340 3070 477 3130 locorum
502 3074 605 3130 mente
636 3090 824 3149 percurrere,
848 3071 986 3131 invenies
1017 3069 1107 3128 illum
1140 3069 1360 3128 continentiam
1394 3071 1480 3148 regio

341 3163 511 3221 secutum.’'

382 3252 455 3311 And
468 3253 567 3331 again,
582 3253 659 3311 with
671 3253 782 3330 regard
794 3258 828 3312 to
842 3253 895 3313 the
908 3253 987 3329 style
1007 3252 1041 3312 of
1059 3252 1112 3310 the
1125 3256 1186 3312 two
1201 3252 1387 3330 catalogues,
1401 3252 1418 3328 5
1435 3252 1480 3326 14,

341 3344 480 3423 catalogo
502 3365 558 3403 suo
582 3345 702 3403 curavit
723 3346 884 3423 Vergilius
904 3346 1003 3405 vitare
1022 3344 1191 3417 fastidium,
1214 3344 1296 3422 quod
1316 3344 1478 3404 Homerus

341 3438 460 3497 ratione
469 3458 531 3496 nou
541 3438 624 3497 cavit
635 3437 740 3496 eadem
750 3438 852 3515 figura
868 3456 957 3515 saepe
974 3437 1114 3515 repetita,
1128 3436 1156 3495 οἳ
1165 3434 1189 3495 δ’
1198 3433 1374 3511 ‘afflatae’
1384 3436 1479 3495 ἔναιον

342 3528 471 3605 Εὔβοιαν
485 3528 559 3607 ἔχον.
582 3572 588 3587 .
611 3573 617 3586 .
641 3573 647 3587 .
671 3528 732 3587 Ηὶο
752 3535 856 3589 autem
874 3530 983 3599 variat,
998 3530 1083 3588 velut
1097 3529 1229 3589 dedecus
1247 3534 1302 3587 aut
1322 3528 1444 3587 crimen
1459 3551 1478 3587 v

342 3621 562 3699 repetitionem,
578 3621 695 3697 primae
711 3621 769 3679 init
788 3622 895 3680 tellam
915 3621 1074 3697 Tyrrhenia
1094 3642 1179 3699 caper
1199 3622 1236 3680 ab
1254 3622 1320 3680 otis,
1372 3622 1476 3679 Filius

341 3714 560 3771 taricheatas.
584 3757 590 3771 .
614 3756 620 3770 .
642 3754 651 3770 .
671 3712 738 3772 Has
751 3714 854 3792 copias
868 3714 998 3773 fortasse
1012 3718 1101 3791 putet
1113 3714 1225 3791 aliquis
1239 3713 1362 3773 divinae
1381 3713 1430 3771 illi
1445 3716 1478 3772 si:

342 3806 431 3865 citati
445 3806 678 3883 praeferendam
699 3806 752 3867 sed
765 3807 867 3866 nescio
881 3828 942 3885 qno
957 3806 1047 3866 modo
1062 3806 1232 3866 Homerum
1245 3806 1389 3883 repetitio
1404 3806 1462 3865 illa
1476 3829 1477 3834 ¹

342 3896 438 3967 decet,
456 3901 488 3955 et
507 3901 554 3955 est
575 3897 665 3974 genio
687 3897 807 3972 antiqui
827 3904 936 3976 poetae
956 3898 1051 3975 digne
1064 3898 1349 3975 enumerationique
1363 3916 1478 3956 conver

342 3988 424 4065 quod
443 3988 475 4045 in
493 3988 569 4059 loco,
583 4008 665 4047 mera
682 3990 807 4048 nomina
824 3990 987 4061 relaturus,
1001 4010 1064 4049 non
1077 3989 1254 4048 incurvavit
1267 4009 1299 4048 se
1320 4009 1425 4066 neque
1446 4010 1477 4045 m

341 4081 432 4140 torsit
452 4080 630 4140 deducendo
653 4082 758 4141 stilum
778 4102 834 4160 per
855 4082 1048 4160 singulorum
1072 4082 1246 4154 varietates,
1268 4082 1410 4141 sedetet
1435 4081 1472 4139 iu

341 4174 503 4233 suetudine
524 4176 774 4252 percensentium,
799 4180 957 4253 tamquam
978 4195 1034 4253 per
1057 4175 1154 4233 aciem
1176 4174 1338 4253 dispositos
1363 4196 1477 4233 enum(

341 4265 423 4343 quod
436 4284 498 4325 non
512 4266 581 4326 aliis
595 4288 686 4345 quam
700 4288 898 4327 numerorum
911 4268 947 4325 lit
964 4266 1151 4340 vocabulis,'’
1163 4265 1216 4325 dac.
1247 4266 1283 4343 §§
1298 4267 1380 4327 6-9
1396 4287 1454 4326 are
1469 4268 1477 4324 i

340 4377 424 4417 same
445 4359 532 4437 style,
552 4359 688 4437 blaming
706 4358 811 4438 Virgil
830 4358 881 4417 for
897 4358 1098 4436 introducing
1117 4377 1223 4417 names
1243 4357 1311 4417 into
1329 4358 1382 4416 his
1403 4378 1476 4416 narr

342 4452 443 4511 which
455 4452 494 4511 he
507 4452 561 4511 hae
575 4452 703 4513 omitted
717 4453 749 4512 in
763 4454 811 4513 his
830 4453 999 4531 catalogue,
1014 4453 1075 4513 and
1088 4452 1235 4531 omitting
1247 4472 1287 4511 on
1300 4452 1356 4512 the
1372 4452 1472 4513 other
