3192 4950
329 378 493 448 visen
515 377 616 444 Aru
638 376 718 443 ms
740 374 949 444 ariorum
971 374 1161 443 carmos.
1251 339 1258 352 '
1297 377 1356 445 xiv

134 559 188 632 μὶν
213 558 318 634 μαστῷ
341 554 477 629 πέλασεν,
499 551 573 633 τόξῳ
596 551 626 612 a
648 549 776 628 σίδηρον.
818 549 929 609 Totam
949 568 1016 608 rem
1039 553 1155 626 quanto
1176 549 1355 628 compendio

136 648 245 726 lingua
259 647 356 706 ditior
369 646 550 726 explicavit:
574 649 682 717 vester,
697 643 769 702 licet
782 641 907 720 periodo
927 660 1011 710 usus,
1025 641 1109 700 idem
1127 644 1233 700 tamen
1247 639 1352 702 dixit?

136 739 275 798 Adducet
290 739 374 814 lcuqe
388 736 519 816 eupilu,”
535 735 590 795 dre.

181 831 307 891 Servius
321 851 362 889 en
372 829 449 888 Aen.
462 830 490 888 1.
502 829 540 887 92
550 824 678 906 (Dan.):
695 825 1037 904 “reprebenditnrsane
1050 825 1187 885 hocloco
1197 825 1357 904 Vergilius

138 925 223 1002 qnod
237 923 404 1002 improprie
416 923 473 982 hes
486 941 595 982 versus
608 920 736 979 Homeri
749 919 973 978 transtulerit.
998 963 1006 976 .
1028 963 1036 978 .
1057 939 1128 978 nam
1135 918 1251 996 frr‘qors
1262 921 1357 979 soluta

136 1018 270 1076 membra
292 1017 384 1094 louge
407 1015 493 1074 alind
516 1019 565 1073 est
588 1032 681 1090 quam
706 1010 778 1070 λύτο
802 1011 937 1091 γούνατα,
962 1016 995 1070 et
1017 1013 1149 1089 duplices
1173 1014 1292 1072 madere
1315 1013 1356 1074 od

136 1109 238 1166 sidera
253 1107 377 1186 pchuur
390 1107 492 1180 molle,
506 1125 577 1164 cum
591 1105 670 1163 illud
682 1102 782 1182 magis
795 1103 895 1162 altum
909 1108 941 1162 et
953 1103 1094 1163 heroicae
1114 1123 1269 1182 personae,
1284 1105 1357 1181 πρὸς

138 1199 172 1260 ὃν
191 1199 377 1278 μεγαλήτορα
397 1197 494 1274 θυμόν.
538 1197 702 1256 Praeterea
722 1196 793 1273 quis
812 1196 948 1255 interdiu
960 1216 1071 1256 manns
1084 1197 1125 1255 ad
1142 1195 1244 1256 sidera
1263 1198 1355 1271 tollit,

139 1299 197 1352 aut
220 1293 291 1370 quis
312 1291 352 1350 ad
376 1291 496 1350 caelum
517 1309 629 1349 manus
652 1289 762 1348 tollens
785 1309 850 1348 nou
868 1289 952 1348 aliud
976 1295 1120 1367 precatur
1140 1291 1243 1368 potius
1263 1310 1356 1369 quam

138 1383 238 1442 dicit?
250 1383 267 1410 '’
281 1383 312 1442 4.
321 1382 381 1443 367
397 1379 520 1462 (Dan),
531 1384 549 1413 “
560 1401 632 1440 sane
642 1380 769 1458 qnidam
777 1381 909 1440 absurde
917 1385 1030 1458 putant
1039 1380 1209 1441 Caucasum
1219 1386 1252 1440 et
1259 1383 1358 1460 tigres

139 1495 161 1534 a
168 1475 291 1534 Didone
302 1479 494 1544 memoratas,
506 1473 579 1550 qnia
586 1491 642 1532 nec
653 1471 769 1530 Didoni
778 1472 974 1549 perturbatae
982 1473 1085 1532 venire
1091 1473 1125 1531 in
1135 1478 1269 1532 mentem
1278 1473 1356 1534 Oan-

140 1587 231 1628 casus
243 1565 385 1642 (Uaccaei
393 1563 423 1641 ?)
433 1565 544 1644 potuit,
555 1583 612 1623 nso
622 1564 717 1642 tigres
731 1563 819 1622 iuxta
827 1565 1055 1642 sumcognitae,
1067 1569 1100 1625 et
1111 1564 1169 1625 hoc
1178 1565 1356 1644 Hyrcanae:

139 1679 215 1717 nam
231 1657 314 1736 quod
333 1656 379 1715 ait
398 1657 498 1732 percit
513 1655 670 1726 Uaccaeos,
691 1655 860 1714 elaboravit
879 1655 1008 1715 dicendo
1027 1657 1130 1733 praeit
1148 1657 1358 1718 incredibilius

142 1749 245 1814 lacere
259 1747 415 1806 demente
428 1746 591 1805 masculini
604 1745 734 1822 generis,
750 1745 804 1804 sed
817 1744 869 1804 hio
881 1744 1023 1805 imitatur
1037 1745 1178 1821 Graecos,
1192 1749 1247 1826 qui
1260 1748 1359 1826 magis

142 1837 267 1918 proprie
279 1837 391 1916 γλαυκὴ
401 1835 433 1896 δέ
445 1860 481 1896 σε
494 1835 571 1895 τίκτε
582 1835 750 1896 emmae?
770 1835 853 1908 And,
865 1837 1017 1915 although
1030 1837 1155 1910 Pindar,
1166 1844 1222 1898 not
1231 1839 1358 1911 Homer,

143 1932 171 1990 ie
194 1931 227 1989 in
248 1931 399 2008 question,
414 1948 461 1988 we
484 1947 555 2006 may
576 1928 649 1991 here
672 1933 766 2006 quote
790 1928 844 1988 the
867 1948 973 1988 severe
997 1929 1146 1989 criticism
1167 1950 1208 1988 ou
1229 1930 1359 2007 Virgil’s

143 2023 333 2099 description
345 2021 380 2079 ot
400 2020 482 2078 Etna
495 2021 528 2078 in
542 2020 686 2098 eruption
700 2017 835 2098 (Gellius
850 2019 898 2079 17.
914 2020 952 2080 10
969 2045 993 2069 =
1008 2020 1184 2081 Macrobius
1200 2023 1227 2080 5.
1243 2020 1291 2082 17.
1307 2020 1357 2101 7):

144 2113 230 2173 “Ille
256 2112 389 2172 Gmecus
422 2107 607 2188 (Pindarus)
635 2111 761 2188 quidem
784 2111 887 2170 tontes
913 2111 1020 2171 imitus
1043 2113 1133 2190 ignes
1160 2118 1301 2174 eructare
1327 2119 1360 2173 et

142 2207 239 2266 fluere
253 2223 358 2263 amnes
370 2203 452 2262 fumi
465 2208 497 2261 et
515 2203 708 2262 flammarum
726 2202 815 2262 fulva
832 2208 864 2261 et
879 2208 1021 2262 tortuosa
1034 2204 1190 2263 volumius
1204 2205 1238 2262 in
1252 2205 1360 2282 plagas

143 2299 241 2358 maris
267 2299 356 2370 ferre,
380 2296 469 2375 quasi
492 2296 641 2373 quosdam
665 2295 772 2372 igneos
793 2314 910 2369 amnes,
933 2296 1088 2355 luculente
1112 2297 1201 2356 dixit
1240 2295 1285 2355 At
1307 2297 1358 2356 hic

143 2409 248 2452 vester
261 2396 360 2450 utrum
372 2389 477 2448 nubem
491 2388 605 2446 tertiae
619 2387 746 2464 picerel
757 2386 874 2464 sacillo
884 2387 1025 2465 fumante
1041 2388 1111 2464 ῥόον
1128 2391 1237 2449 καπνοῦ
1254 2387 1360 2450 αἴθωνα

143 2483 344 2563 interpretari
357 2483 461 2542 voleus
475 2500 576 2541 crasse
590 2485 622 2539 et
635 2480 798 2540 immodice
818 2480 981 2558 congessit,
996 2482 1091 2558 pictos
1110 2485 1205 2559 atque
1216 2482 1359 2557 flananu·

143 2598 221 2648 rsus,
233 2577 315 2655 qnod
330 2576 382 2635 ills
395 2573 528 2652 κρουνοὺς
542 2574 669 2645 dixerat,
685 2576 806 2634 duriter
818 2576 924 2653 posuit
937 2579 969 2634 et
983 2575 1098 2651 ἀκύρων.
1141 2576 1210 2634 Ηοο
1224 2596 1297 2635 vero
1310 2576 1360 2635 rel

144 2670 351 2731 inenarrabile
364 2668 506 2745 estquod
527 2666 633 2725 nosen
647 2672 745 2725 ulrum
756 2665 878 2743 scrutare
891 2667 972 2726 dixit
985 2668 1101 2727 turbius
1109 2666 1195 2746 picco
1213 2666 1362 2742 etfacilis

144 2762 296 2823 madere.
347 2758 419 2818 Non
438 2758 520 2818 euim
540 2758 662 2817 tumere
681 2759 781 2818 solent
801 2778 900 2836 neque
920 2764 988 2818 atra
1007 2778 1073 2818 esse
1093 2779 1171 2837 quse
1191 2765 1264 2818 sunt
1284 2778 1354 2818 can-

145 2856 262 2926 dentis,
277 2852 336 2912 nisi
357 2852 437 2911 forte
457 2851 595 2911 cardena
616 2851 696 2910 dixit
717 2852 899 2929 pervulgate
915 2855 947 2910 et
966 2852 1133 2929 improprie
1153 2871 1209 2929 pro
1222 2851 1360 2927 fer-omi,

145 2967 210 3007 non
229 2965 286 3023 pro
313 2944 461 3013 relucenti,
476 2962 548 3001 nam
563 2943 690 3001 eoadem
704 2943 854 3002 sciliceta
867 2942 992 3001 caudore
1005 2942 1132 3015 dictum,
1149 2962 1209 3001 non
1222 2962 1242 3001 a
1256 2942 1360 3002 calore.

146 3036 241 3113 Quod
257 3040 359 3095 autem
373 3035 505 3113 scopulos
521 3033 652 3093 emactari
669 3040 696 3091 ct
710 3034 785 3111 cripi
804 3034 986 3111 eosdemque
999 3034 1082 3112 ipsos
1095 3034 1202 3093 statim
1216 3033 1362 3111 liquefieri

145 3138 179 3190 et
194 3148 305 3206 pemmo
322 3131 416 3203 atque
431 3125 590 3203 plumaruri
602 3126 656 3183 ech
674 3143 764 3183 οονον
784 3125 872 3198 dixit,
888 3124 946 3184 boc
960 3144 1017 3184 uec
1029 3144 1049 3183 a
1061 3124 1198 3184 Pindaro
1211 3126 1362 3203 scriptum

144 3240 204 3281 nec
224 3239 363 3297 unquam
383 3217 478 3277 fando
499 3216 649 3287 auditum,
664 3221 697 3275 et
710 3216 851 3275 omnium
869 3235 949 3293 quae
964 3220 1101 3275 monstra
1114 3215 1263 3275 dicuutur
1275 3236 1360 3274 mon-

145 3312 388 3373 struosissimum
402 3308 503 3367 est”⁸

188 3404 286 3463 'I'here
305 3403 333 3461 is
352 3424 370 3462 a
391 3406 480 3479 great
499 3400 568 3459 deal
587 3399 621 3459 ot
641 3400 763 3460 uentral
783 3400 933 3459 criticism
952 3420 994 3458 ou
1012 3399 1143 3479 Virgil's
1163 3400 1361 3460 translations

144 3496 229 3555 from
248 3493 366 3552 Homer
384 3492 417 3551 in
436 3492 489 3551 the
507 3491 594 3550 third
616 3491 750 3569 chapter,
766 3491 829 3550 and
842 3512 883 3550 on
896 3496 929 3549 to
944 3491 997 3552 the
1010 3492 1102 3551 tenth
1122 3492 1157 3550 of
1175 3490 1362 3551 Macrobius’

146 3586 220 3647 fifth
234 3584 324 3656 book,
340 3583 441 3643 which
454 3583 470 3642 I
484 3588 598 3643 cannot
615 3602 746 3661 suppose
759 3587 792 3641 to
808 3583 886 3641 have
898 3602 985 3642 come
998 3583 1080 3641 from
1093 3584 1145 3643 the
1159 3602 1242 3642 same
1256 3603 1362 3643 source

145 3702 180 3741 as
194 3682 249 3739 the
262 3677 465 3737 acrimonious
481 3676 620 3735 remarks
633 3678 729 3736 above
742 3674 868 3753 quoted
910 3674 943 3733 It
956 3676 983 3734 is
1001 3680 1057 3735 not
1069 3681 1103 3734 at
1116 3676 1159 3734 all
1172 3676 1363 3753 improbable

145 3775 216 3831 that
228 3772 256 3829 it
268 3770 295 3829 ie
310 3769 435 3829 derived
449 3768 577 3846 directly
591 3787 627 3826 or
646 3767 811 3844 indirectly
824 3767 906 3825 from
917 3767 969 3825 the
987 3765 1154 3842 ὁμοιόπγνες
1168 3766 1201 3826 of
1216 3765 1252 3840 Q.
1269 3766 1361 3826 Octa-

145 3866 216 3925 vius
238 3860 353 3920 Avitus
372 3857 564 3939 (Suetonius,
579 3858 656 3919 Vita
668 3858 802 3935 Vergilii
814 3858 881 3933 45),
908 3876 928 3916 a
948 3858 1035 3917 work
1053 3858 1088 3915 in
1111 3856 1198 3935 sight
1216 3858 1363 3929 volumen,

145 3956 251 4017 which
271 3959 377 4033 “quos
391 3958 424 4012 et
439 3954 523 4012 unde
543 3972 650 4012 versus
670 3951 868 4011 transtulerit
887 3949 1077 4009 continent.”
1120 3948 1187 4009 One
1206 3949 1234 4007 is
1254 3951 1363 4008 struck

145 4054 181 4109 at
195 4068 272 4108 once
286 4048 362 4107 with
375 4046 430 4105 the
444 4046 524 4105 close
540 4044 749 4104 resemblance
770 4044 908 4102 between
921 4042 1008 4101 these
1023 4042 1123 4099 words
1140 4041 1203 4099 aud
1224 4041 1313 4101 those
1331 4041 1365 4101 of

146 4141 333 4213 Macrobius,
356 4140 384 4199 5.
408 4138 433 4199 7.
456 4140 482 4211 7,
505 4141 523 4169 ‘⁴
535 4137 638 4215 capita
658 4137 805 4207 locorum,
827 4136 880 4195 nbi
900 4137 994 4213 longa
1015 4135 1152 4194 narratio
1177 4140 1233 4207 est,
1251 4134 1366 4193 dixisse

197 4282 207 4312 ¹
225 4280 283 4330 'l'he
294 4279 377 4330 whole
388 4277 548 4344 questiones
562 4276 718 4327 translation
729 4276 795 4327 from
810 4274 899 4327 Greek
910 4280 982 4341 poste
996 4276 1054 4326 into
1066 4276 1148 4327 Latin
1159 4276 1182 4327 is
1192 4274 1327 4327 msoumed
1338 4276 1366 4325 in

148 4358 254 4411 Gellius
264 4359 287 4407 9.
300 4359 324 4417 9,
336 4356 422 4408 where
433 4372 450 4405 a
461 4354 585 4406 criticism
598 4356 628 4405 ol
641 4353 742 4405 Probus
757 4355 781 4404 is
795 4355 893 4420 quoted
906 4370 941 4406 on
957 4355 1003 4406 the
1019 4370 1129 4421 passage
1143 4354 1223 4407 about
1236 4356 1324 4406 Diana
1339 4356 1368 4405 ln

147 4438 194 4489 the
205 4438 263 4488 llrsl
275 4434 386 4487 Aeneid„
420 4433 547 4499 Compare
558 4434 612 4484 also
621 4432 724 4485 Gellius
737 4434 774 4483 13.
788 4434 828 4484 27.
