3192 4950
231 400 325 468 ΤΗΕ
346 402 554 472 ΑΝΟΙΕΝΤ
577 403 952 475 COMMENTATORS
974 406 1040 477 ΟΝ
1062 409 1234 478 VIRGIL
1277 413 1372 479 lxxxi

163 583 248 642 rium
269 590 316 644 est
339 605 505 664 pannorum
529 585 657 659 dierum,
683 586 767 646 unde
793 589 827 646 et
854 585 888 644 in
917 585 1026 644 cellam
1049 585 1165 645 dieitur
1186 587 1371 666 imperatum

162 673 363 750 frumentum,
372 698 470 755 penus
483 698 555 738 vero
574 679 722 757 temporis
742 677 839 756 longi.
883 677 962 738 Sane
982 679 1114 738 dicimus
1133 685 1165 739 et
1186 681 1233 740 tio
1253 687 1285 741 et
1302 683 1373 742 bueo
1480 693 1489 746 .’

163 771 194 824 st
209 767 261 826 too
271 789 387 848 penae.-
410 771 464 830 sed
483 790 503 829 a
522 771 691 830 masculino
711 775 743 831 et
762 791 781 830 a
800 771 949 830 feminino
969 791 1080 849 genere
1092 777 1202 849 quarta
1219 779 1267 834 eet
1281 775 1371 833 deeli-

161 859 257 931 natio,
272 881 292 920 a
305 868 414 923 neutro
427 865 526 936 tertia,
542 884 602 941 quo
616 863 706 922 modo
715 884 809 941 perae
815 864 941 941 peeoris.
973 863 1064 922 Unde
1077 863 1226 925 Horatius
1241 870 1260 897 “
1269 872 1372 944 portet

161 949 319 1014 frumenta
343 975 519 1034 penusque:
534 957 551 983 ''
577 956 746 1016 masonlino
778 975 850 1015 vero
884 975 997 1035 genere
1024 956 1153 1016 Plautus
1181 959 1269 1017 “nisi
1294 959 1371 1018 mibi

161 1061 283 1102 annuus
309 1067 407 1124 penus
434 1048 555 1118 datur‚’'
582 1047 730 1107 feminino
756 1047 894 1108 Luossius
919 1049 1032 1126 poenit,
1061 1053 1097 1108 nt
1124 1051 1245 1109 “uxori
1269 1052 1372 1129 legata

162 1137 291 1210 penus.”
332 1138 465 1213 Quartae
479 1144 582 1198 antem
599 1139 811 1198 declinationis
825 1159 889 1199 esse
902 1139 1025 1200 Persius
1038 1140 1151 1214 doerit,
1164 1146 1201 1200 nt
1215 1142 1273 1200 “in
1285 1143 1372 1202 loen·

162 1225 243 1302 plete
256 1247 338 1305 penu
352 1229 485 1289 defensis
497 1230 663 1308 pinguibus
677 1229 834 1290 Umbris.'’

203 1315 337 1392 Servius,
346 1320 384 1378 A.
395 1321 421 1380 3.
434 1323 470 1382 12
480 1317 602 1402 (Dan),
611 1343 684 1381 nam
695 1327 727 1382 et
735 1321 837 1400 ipsum
846 1322 985 1400 penetral
994 1343 1091 1400 psam
1100 1323 1222 1396 dieitur,
1230 1329 1268 1383 ut
1279 1325 1370 1385 hodie

160 1425 282 1485 quoqne
298 1430 395 1487 persae
421 1412 523 1472 Vestae
547 1413 648 1472 olandi
670 1413 718 1472 vel
741 1411 855 1491 aperiri
876 1405 998 1472 diditur.
1039 1411 1116 1492 (See
1138 1413 1223 1474 Fest.
1246 1434 1276 1492 p.
1300 1414 1368 1488 250,

157 1515 256 1573 penus
273 1500 401 1582 Vestae.)

205 1589 281 1650 Gall.
306 1593 335 1652 4.
361 1595 389 1668 1,
403 1601 511 1673 quotes
532 1595 613 1656 from
634 1594 778 1669 busilias,
795 1597 940 1673 “legerit
963 1597 1089 1674 qnidam
1109 1596 1198 1657 uxori
1218 1599 1369 1658 mnndum

161 1699 252 1742 omne
277 1688 502 1765 pennmqne’':
528 1687 646 1748 alludes
674 1686 704 1765 (ξ
734 1688 772 1746 14
797 1686 880 1766 foll.)
906 1693 940 1748 to
963 1688 1092 1766 Virgil's
1117 1691 1236 1765 tanqam
1256 1711 1370 1768 pensan

159 1772 327 1835 imbuere:
348 1785 458 1856 quotes
477 1779 558 1838 imm
579 1779 615 1854 Q.
632 1779 786 1854 Scaevola,
803 1782 820 1811 ‘⁴
831 1799 910 1857 quae
926 1780 966 1838 ad
979 1775 1131 1840 edendum
1143 1781 1369 1860 bibendumque

159 1865 193 1922 in
209 1867 274 1926 dies
288 1869 425 1948 singulos
438 1872 560 1950 prandii
572 1877 626 1932 ant
639 1891 732 1932 uenae
746 1891 838 1932 cansa
851 1879 1008 1950 parantur,
1017 1893 1114 1950 poam
1126 1894 1188 1934 non
1201 1880 1295 1934 sunt:
1316 1876 1370 1934 sed

158 1976 195 2016 ea
209 1961 311 2036 potins
325 1982 403 2041 quae
417 1965 544 2024 huiusce
564 1965 685 2042 generis
704 1967 815 2043 longae
834 1965 952 2024 usionis
970 1966 1072 2043 gratia
1091 1967 1319 2026 contrahuntur
1337 1972 1370 2028 et

158 2055 430 2126 reconduntur-,ex
450 2057 588 2135 eoquod
610 2079 673 2118 non
696 2058 730 2117 in
754 2062 900 2136 promptu
923 2059 986 2118 sint
1008 2060 1063 2119 sed
1083 2059 1168 2118 intus
1190 2063 1224 2120 st
1246 2061 1369 2138 penitus

158 2143 340 2221 habeantur,
349 2169 445 2226 penus
460 2151 543 2211 diota
556 2152 659 2210 suut.”

203 2236 321 2299 Charis.
337 2261 367 2318 p.
381 2239 478 2312 7411,
489 2262 586 2319 penne
599 2261 658 2320 qno
668 2243 760 2302 modo
771 2242 879 2301 debeat
888 2241 1035 2300 declinari
1044 2241 1195 2302 incertum
1208 2248 1265 2304 est.
1287 2244 1369 2304 Nam

160 2325 292 2389 Plautus
306 2332 337 2390 in
349 2332 500 2393 Pseudolo
512 2335 618 2393 eodem
626 2333 690 2392 fere
704 2335 770 2392 loeo
784 2340 817 2393 et
826 2333 995 2392 masculino
1008 2352 1118 2410 genere
1129 2332 1205 2393 dicit
1217 2334 1266 2394 tie
1274 2355 1371 2412 penae

158 2427 192 2480 et
206 2429 315 2485 neutro
329 2427 381 2486 too
390 2447 495 2505 penae.
529 2425 687 2506 Vergilius
700 2431 803 2485 antem
816 2426 909 2486 etiam
921 2424 1067 2485 feminino
1081 2426 1199 2502 tanqum
1206 2445 1326 2504 penam.

201 2515 301 2576 Iulius
319 2518 475 2579 Romanus
484 2540 533 2597 ep.
545 2519 663 2578 Charis.
673 2540 702 2601 p.
715 2519 773 2578 140
783 2517 921 2595 K.,peaa
929 2517 1118 2595 Pomponius
1127 2515 1177 2598 (so
1185 2519 1301 2598 rightly
1311 2518 1369 2599 K.)

157 2649 167 2666 .
191 2653 198 2665 .
221 2652 229 2667 .
252 2614 366 2669 “eereo
385 2617 450 2670 tam
469 2612 597 2690 pulchra
617 2612 727 2689 penu‚”
736 2630 835 2687 penae
848 2610 923 2687 peni
941 2609 968 2668 si
987 2609 1180 2682 femininum,
1188 2613 1311 2687 penoris
1330 2617 1368 2671 nt

150 2703 280 2780 peeoris,
296 2704 323 2761 ei
336 2706 455 2781 generis
470 2704 571 2763 neutri
585 2705 635 2778 sit,
650 2710 686 2763 nt
700 2704 826 2781 qnidam
839 2708 959 2781 putant.

200 2794 297 2853 Prisc.
312 2796 339 2865 5,
353 2816 384 2873 p.
400 2796 457 2856 163
472 2796 522 2867 K,
532 2816 629 2874 penus
647 2796 805 2855 invenitur
817 2800 849 2854 et
863 2794 1067 2853 masculinum
1087 2797 1120 2853 et
1138 2792 1322 2853 femininum
1335 2801 1367 2855 et

155 2891 314 2945 nentrum.
368 2888 524 2965 Vergilius
551 2890 585 2947 in
611 2888 627 2947 I
655 2892 673 2919 ‘⁴
684 2908 759 2947 eura
796 2906 911 2965 penum
946 2890 1080 2944 struere:
1093 2885 1110 2911 ''
1142 2886 1306 2945 Terentius
1332 2888 1366 2945 iu

157 2976 310 3038 Eunucho
325 2982 342 3011 “
357 2980 436 3040 Gnm
449 2981 483 3038 in
503 2982 643 3041 cellulam
663 2980 704 3039 ad
726 2986 757 3039 te
778 2979 876 3059 patris
898 2997 1012 3056 penum
1029 2997 1150 3037 omnem
1164 2979 1367 3056 congerebam

156 3072 364 3131 clanculum.”
404 3073 553 3133 Horatius
566 3075 600 3132 in
613 3073 630 3132 I
644 3073 847 3151 epistularum
868 3076 1033 3131 “annonae
1054 3072 1159 3149 prosit,
1179 3075 1281 3150 portet
1299 3072 1365 3131 frn-

157 3168 266 3222 menta
279 3164 465 3241 penusque.”
506 3166 552 3225 Ib.
568 3187 598 3244 p.
614 3164 671 3225 170
688 3164 737 3223 tie
752 3170 784 3223 et
804 3165 874 3222 tneo
886 3168 919 3223 et
938 3163 991 3221 too
1004 3183 1103 3239 penae
1123 3168 1156 3222 et
1175 3164 1227 3222 too
1244 3183 1367 3241 paam.

155 3254 289 3313 Plautus
298 3256 333 3313 in
343 3256 495 3315 Pseudolo
509 3298 517 3315 .
531 3300 539 3314 .
556 3260 699 3315 “annuns
709 3256 840 3335 penus:”
854 3254 999 3326 Irnoilins,
1010 3253 1256 3333 “Mngnapenns
1269 3274 1365 3335 parvo

153 3348 258 3424 spatio
272 3354 453 3427 consumpta
472 3349 585 3427 peribit
596 3349 632 3407 '¹2
653 3348 783 3406 Plautus
803 3347 836 3406 in
850 3346 1010 3424 Captivis.
1032 3386 1041 3404 .
1062 3346 1199 3405 .“aliud
1219 3366 1316 3424 penus
1327 3347 1364 3407 ”2

153 3438 271 3498 Caesar
286 3439 397 3499 Strabo
411 3442 444 3500 in
458 3442 594 3501 oratione
613 3461 675 3518 qua
696 3440 833 3518 Sulpicio
852 3439 1012 3517 respondit
1026 3442 1043 3471 “
1052 3438 1163 3499 deinde
1175 3440 1365 3518 propinquos

152 3538 279 3591 nostros
289 3532 435 3593 Messalas
450 3535 539 3593 domo
553 3534 719 3611 deflagrata
731 3551 842 3611 penore
849 3532 1024 3591 volebamus
1033 3531 1183 3609 privare.”
1216 3530 1364 3590 hirenius

152 3628 190 3685 in
200 3626 329 3686 Talione
344 3631 363 3658 “
384 3672 391 3686 .
413 3673 420 3687 .
443 3673 450 3687 .
471 3628 556 3687 intra
567 3646 680 3705 penum
692 3625 804 3684 Erile.”
846 3624 920 3683 'Pbis
932 3624 959 3682 is
971 3624 1114 3702 repeated
1127 3624 1233 3703 nearly
1243 3624 1365 3684 totidem

151 3718 251 3777 vertis
271 3738 312 3777 on
331 3720 384 3778 the
404 3721 561 3797 authority
574 3718 607 3779 of
631 3718 772 3778 Donatus
791 3717 854 3774 and
874 3715 983 3793 Caper,
997 3715 1031 3773 in
1047 3715 1144 3775 Prise.
1159 3715 1187 3787 6,
1201 3736 1231 3793 p.
1247 3715 1306 3776 260
1321 3715 1362 3775 Κ.

151 3808 203 3890 (It
217 3813 245 3871 is
259 3813 341 3872 clear
358 3806 392 3870 i'n
413 3812 475 3870 thia
494 3812 633 3871 instance
651 3810 721 3868 that
739 3807 793 3867 the
814 3808 913 3867 oldest
931 3806 1011 3865 torm
1030 3806 1064 3867 of
1082 3807 1136 3865 the
1154 3812 1227 3867 note
1245 3807 1273 3867 is
1295 3827 1362 3885 pre·

150 3904 265 3963 served
278 3904 312 3961 in
325 3904 482 3963 Priscian:
504 3904 566 3961 and
577 3903 647 3961 that
660 3902 713 3960 the
733 3903 806 3959 note
825 3899 852 3957 is
871 3904 905 3958 at
923 3899 1001 3958 least
1013 3918 1048 3957 as
1059 3898 1111 3958 old
1123 3918 1158 3959 as
1172 3897 1291 3959 Gellius
1302 3900 1364 3960 and

149 3996 255 4055 Iulius
269 3994 454 4073 Romanus.)

194 4088 231 4148 P.
247 4089 295 4160 51,
314 4088 430 4147 laevum
450 4086 618 4164 significari
637 4090 755 4145 veteres
774 4088 944 4162 posuerunt
964 4082 1052 4161 qnasi
1071 4103 1092 4141 a
1111 4084 1243 4143 boando.
1283 4084 1361 4144 Ver·

151 4183 267 4260 gilium
280 4200 402 4259 quoqne
421 4182 478 4241 snb
497 4181 555 4239 hau
575 4180 780 4240 ostentatione
801 4178 939 4255 posuisse
959 4177 1122 4236 voluerunt
1142 4176 1361 4256 Georgioornm

150 4274 205 4332 lib.
222 4272 280 4331 IV.
297 4272 352 4331 “si
371 4292 462 4350 quem
479 4271 613 4330 Numina
634 4271 722 4331 laeve
741 4269 863 4328 sinunt:
877 4268 894 4295 '’
916 4268 1035 4327 Ennius
1053 4267 1220 4328 Annalium
1232 4269 1285 4330 lib.
1299 4267 1360 4327 III.

150 4368 172 4395 ‘⁴
185 4364 248 4424 Olli
262 4364 301 4423 de
314 4364 397 4423 eaelo
410 4364 530 4423 laevum
544 4362 629 4421 dedit
641 4362 778 4420 inolntns
791 4360 943 4439 signum”

194 4455 332 4606 Samuel,
343 4454 380 4515 A.
393 4457 420 4516 2.
435 4457 483 4529 54,
498 4458 582 4515 laevo
596 4456 685 4515 modo
699 4456 858 4515 contraria.
880 4454 1086 4514 Etsoiendum
1100 4456 1309 4623 laevamssnm
1322 4454 1360 4513 de
