3192 4950
227 309 330 376 mvi
417 306 581 375 umam
604 299 704 375 ann
726 306 806 375 urs
828 305 1036 375 moruus
1059 258 1264 377 caurus.

452 483 617 548 Antiphaten
628 483 793 548 Scyllamque
805 486 901 535 etcum
912 483 1023 549 Cyclope
1035 482 1206 549 Charybdim:

451 560 507 611 Neo
518 560 632 610 reditum
642 559 777 609 Diomedia
787 560 822 611 ab
833 560 943 610 interitu
953 560 1090 623 Meleagri,

452 638 509 688 Neo
519 638 622 701 gemino
633 635 730 686 bellum
741 636 882 686 Troianum
893 636 994 688 orditur
1002 635 1036 688 ab
1047 652 1111 695 ovo:

455 713 560 778 Semper
570 714 603 764 ad
614 717 735 764 eventum
746 713 863 773 festinat,
874 716 901 763 et
912 714 938 763 in
950 713 1048 763 medias
1059 728 1100 764 ree

453 789 514 840 Nou
525 804 598 840 aecus
608 804 639 839 ao
649 792 724 839 notas
735 788 880 840 auditorem
891 790 983 854 rapit,”
995 790 1038 840 &a

268 946 285 1003 I
308 966 358 1004 am
379 945 510 1005 inclined
532 949 565 1005 to
586 944 679 1003 think
697 943 767 1002 that
787 943 851 1002 this
875 963 1003 1022 passage
1025 944 1118 1021 again
1141 944 1167 1003 is
1189 945 1335 1004 intended
1358 966 1392 1005 aa
1418 966 1437 1007 a

228 1036 353 1096 defense
372 1037 406 1096 of
425 1037 538 1113 Virgil.
581 1035 625 1093 At
643 1056 705 1111 any
724 1039 800 1104 rate,
821 1034 875 1094 the
894 1034 983 1113 point
1002 1035 1035 1093 iu
1055 1035 1239 1113 questionis
1259 1036 1377 1095 treated
1397 1038 1438 1115 b)-

228 1128 282 1189 the
301 1129 385 1207 early
404 1133 648 1198 commentatore,
663 1127 723 1186 aud
744 1128 777 1185 in
797 1128 846 1186 his
866 1128 953 1206 reply
973 1132 1005 1187 to
1026 1129 1079 1187 the
1101 1130 1300 1189 obtrectatores
1316 1129 1439 1207 Verpriii

229 1240 274 1280 we
287 1221 379 1279 know
391 1220 461 1279 that
474 1219 628 1278 Asconius
640 1223 687 1278 set
701 1218 825 1277 himself
845 1219 879 1277 in
899 1220 1066 1297 particular
1087 1225 1119 1279 to
1139 1240 1258 1279 answer
1270 1222 1436 1281 criticisms

227 1313 306 1371 circa
318 1312 477 1384 historiam,
493 1310 594 1370 which
606 1310 717 1379 would,
731 1309 748 1367 I
761 1329 900 1388 suppose,
915 1310 1038 1371 include
1056 1311 1279 1372 unfarourable
1299 1313 1437 1372 remarks

228 1424 269 1462 on
281 1403 335 1462 the
348 1404 438 1463 order
450 1403 483 1461 oi
496 1403 549 1461 the
563 1401 725 1461 narrative.
779 1392 781 1394 ¹

269 1494 351 1554 That
369 1495 445 1553 such
464 1494 600 1552 remarks
620 1493 683 1552 had
703 1495 779 1553 been
800 1493 889 1553 made
908 1512 1037 1571 appears
1066 1494 1180 1573 clearly
1200 1494 1280 1554 frum
1302 1494 1435 1567 Servius,

228 1584 305 1645 Aen.
321 1606 350 1664 p.
368 1584 539 1664 4(Thi10):
563 1585 666 1645 “ordo
687 1605 808 1662 quoque
829 1585 1011 1643 manifestus
1024 1589 1080 1656 est,
1094 1585 1166 1644 licet
1186 1587 1309 1665 quidem
1331 1587 1436 1646 dicant

228 1678 396 1737 secundum
417 1675 557 1757 (librum)
578 1677 712 1755 primum
731 1696 805 1747 esse,
826 1676 954 1735 tertium
975 1677 1150 1751 secundum,
1172 1684 1204 1736 et
1224 1679 1357 1756 primum
1376 1683 1436 1738 ter-

227 1771 305 1829 tium
327 1814 334 1829 .
355 1816 363 1830 .
386 1816 394 1829 .
415 1771 584 1830 nescientes
598 1770 678 1829 hauc
691 1790 756 1829 esse
768 1774 867 1827 artem
880 1769 1041 1845 poeticam,
1053 1773 1090 1827 ut
1108 1790 1127 1827 a
1140 1771 1249 1829 stadiis
1262 1771 1440 1848 incipientes

226 1882 283 1940 per
295 1862 502 1921 narrationem
515 1862 615 1939 prima
627 1860 822 1920 reddamus.”
863 1860 937 1919 And
949 1880 990 1919 on
1004 1859 1081 1919 Aen.
1098 1860 1123 1920 1.
1142 1862 1188 1935 34,
1205 1864 1270 1920 “ut
1284 1862 1438 1922 Homerus

226 1953 330 2012 omisit
344 1953 433 2011 initia
447 1952 518 2010 belli
533 1952 665 2024 Troiani,
680 1951 724 2010 sic
738 1950 789 2009 hio
803 1971 865 2010 non
878 1952 917 2009 ab
930 1950 1020 2009 initio
1034 1950 1136 2027 coepit
1149 1952 1290 2012 erroris.”
1326 1950 1438 2029 Again,

229 2043 305 2102 with
316 2041 428 2121 regar-d
441 2045 473 2101 to
492 2041 545 2099 the
560 2041 656 2100 whole
676 2041 750 2119 plan
769 2040 803 2100 oi
824 2040 877 2099 the
889 2040 1019 2113 aeneid,
1034 2039 1135 2099 which
1149 2060 1211 2100 was
1231 2042 1377 2101 intended
1398 2044 1438 2121 by

228 2134 332 2212 Virgil
352 2141 385 2192 to
403 2132 526 2191 include
545 2133 621 2192 both
640 2152 680 2190 an
698 2132 777 2190 Iliad
798 2132 862 2191 and
875 2152 916 2189 an
931 2130 1078 2211 Odyssey,
1095 2132 1210 2210 “prius
1231 2133 1269 2193 de
1288 2134 1445 2194 erroribus

227 2223 349 2285 Aeneae
362 2225 445 2298 dicit,
461 2230 530 2303 post
543 2224 581 2283 de
595 2225 675 2284 bello
687 2225 704 2250 '⁹
722 2223 817 2300 (Aen.
833 2226 859 2284 l.
877 2222 920 2303 1).

269 2319 347 2378 Now
362 2318 446 2377 these
459 2317 596 2376 remarks
609 2337 661 2378 are
673 2338 714 2376 no
728 2337 812 2377 more
824 2316 902 2375 than
917 2336 936 2375 a
948 2316 1165 2376 condensation
1185 2317 1218 2377 of
1238 2318 1292 2376 the
1311 2338 1437 2397 passage

227 2410 373 2490 assigned
400 2416 432 2469 to
461 2408 641 2467 Eustathius
669 2409 702 2467 in
723 2410 777 2469 the
801 2408 873 2466 fifth
894 2409 975 2468 book
997 2409 1029 2468 oi
1050 2411 1105 2469 the
1128 2410 1305 2470 Saturnalia
1329 2410 1369 2491 (2.
1392 2408 1437 2490 6),

228 2503 369 2562 “Aeneis
389 2501 457 2580 ipsa
478 2521 580 2560 nonne
603 2503 642 2559 ab
669 2501 807 2560 Homero
834 2506 976 2560 mutuata
1003 2507 1051 2561 est
1078 2523 1212 2563 errorem
1238 2504 1373 2582 primum
1399 2525 1438 2563 ex

230 2593 373 2672 Odyssea,
395 2593 504 2652 deiude
529 2612 567 2650 ex
588 2591 684 2652 Iliada
703 2590 851 2671 pugnes?
881 2591 956 2670 quin
985 2593 1086 2670 operis
1110 2593 1249 2652 ordinem
1270 2594 1439 2654 necessario

228 2709 331 2748 rerum
344 2689 419 2747 ordo
432 2687 574 2758 mutavit,
583 2706 652 2744 cum
664 2687 749 2762 apud
762 2685 934 2745 Homerum
949 2685 1033 2763 prius
1048 2685 1177 2743 Iliacum
1186 2686 1301 2745 bellum
1315 2692 1438 2763 gestum

227 2782 277 2854 sit,
300 2781 409 2840 deinde
427 2780 594 2840 revertenti
613 2780 650 2838 de
673 2779 765 2839 Troia
783 2799 869 2837 error
888 2778 1055 2855 contigerit
1074 2777 1169 2848 Ulixi,
1183 2780 1266 2856 apud
1280 2778 1438 2839 Maronem

227 2893 299 2932 vero
309 2873 428 2931 Aeneae
440 2872 596 2948 navigatio
609 2872 689 2930 bella
699 2891 777 2949 quae
787 2875 892 2948 postea
901 2871 934 2928 in
945 2870 1037 2929 Italia
1051 2873 1123 2928 sunt
1134 2875 1220 2946 gesta
1230 2871 1436 2948 praecesserit.

228 3007 266 3025 ..
290 3009 297 3022 .
319 2965 384 3024 Nec
409 2965 489 3022 illud
514 2983 584 3022 cum
609 2983 722 3041 magna
748 2983 825 3022 cura
851 2963 1006 3022 relaturus
1024 2981 1102 3033 sum,
1124 2961 1206 3034 licet,
1231 2968 1268 3021 ut
1298 2963 1436 3036 aestimo,

227 3076 289 3115 non
316 3056 458 3128 omnibus
477 3056 679 3125 observatum,
708 3054 791 3133 quod
818 3054 1008 3131 cumprime
1036 3073 1128 3112 versu
1154 3055 1341 3132 promisisset
1356 3075 1436 3132 0pro·

228 3149 395 3207 ducturum
414 3167 446 3206 sa
460 3146 498 3205 de
512 3146 619 3207 Troiae
632 3147 772 3206 litoribus
786 3145 934 3204 Aenean.
956 3191 962 3204 .
986 3190 992 3204 .
1014 3147 1068 3204 ubi
1088 3146 1128 3204 ad
1148 3147 1273 3205 ianuam
1293 3147 1438 3206 narrandi

229 3241 322 3311 venit,
337 3238 457 3297 Aeneae
471 3238 597 3297 classem
611 3259 674 3296 non
687 3238 725 3296 de
740 3237 833 3296 Troia
845 3238 899 3296 sed
913 3238 950 3296 de
966 3237 1071 3297 Sicilia
1084 3237 1228 3316 producit
1249 3283 1256 3296 .
1279 3283 1285 3297 .
1308 3283 1314 3296 .
1338 3283 1344 3297 .

271 3331 360 3406 Quod
387 3337 488 3390 totum
516 3329 689 3390 Homericis
717 3330 777 3390 filis
798 3331 965 3389 contexuit.
1015 3330 1071 3388 Ille
1091 3330 1174 3390 enim
1194 3332 1295 3390 viteus
1315 3333 1348 3390 in
1368 3353 1439 3411 poe·

228 3432 311 3485 mate
338 3424 553 3483 historicorum
580 3423 822 3495 similitudinem,
848 3423 958 3500 quibus
986 3423 1036 3482 lex
1063 3429 1110 3482 est
1132 3425 1265 3502 incipere
1288 3427 1327 3486 ab
1349 3426 1438 3484 initio

227 3539 339 3589 rerum,
368 3521 400 3576 et
426 3517 604 3575 continuam
630 3515 835 3574 narrationem
862 3515 902 3574 ad
928 3515 1020 3574 finem
1052 3534 1149 3592 usque
1175 3518 1348 3595 perducere,
1376 3518 1440 3594 apae

223 3612 339 3690 poetica
356 3611 518 3688 disciplina
534 3630 553 3668 u
570 3630 669 3668 amm
683 3610 778 3668 medio
800 3609 890 3686 coepit
914 3613 941 3666 et
962 3609 1002 3666 ad
1020 3605 1143 3668 initiam
1156 3615 1223 3687 poet
1241 3630 1369 3669 reuersae
1389 3616 1438 3670 cst.
1562 3615 1566 3622 '

226 3703 306 3780 Erpa
328 3705 426 3765 Ulixis
440 3723 563 3762 errorem
575 3722 635 3761 noa
647 3704 753 3780 incipit
771 3723 791 3760 a
811 3701 936 3760 Troiano
952 3701 1034 3761 litore
1043 3703 1210 3774 decutere,
1223 3704 1274 3761 sed
1284 3703 1439 3780 faciteam

220 3797 320 3874 puoto
333 3796 520 3871 moipaatem
534 3795 682 3852 deiterata
697 3794 879 3871 Calypsonis.
902 3836 910 3852 .
933 3839 939 3852 .
964 3837 970 3851 .
988 3793 1092 3872 Scylla
1107 3815 1217 3872 qaoque
1231 3799 1258 3852 at
1274 3795 1439 3872 Charybdis

226 3892 254 3944 et
268 3886 351 3946 Oircc
365 3887 496 3945 asaia
510 3885 698 3961 attiapitur.”

267 3978 332 4037 The
346 3979 446 4036 words
459 3997 510 4036 nec
524 3977 602 4034 illud
614 3995 724 4052 mapsa
737 3997 806 4035 oum
826 3996 897 4035 caro
918 4018 926 4033 .
949 4021 955 4034 .
979 4017 986 4033 .
1008 3977 1042 4034 de
1057 3977 1166 4038 Sicilia
1174 3979 1312 4054 producit
1325 3979 1405 4039 form
1419 4000 1439 4040 a

226 4071 349 4129 remark
361 4070 508 4146 virtually
518 4069 664 4128 identical
678 4068 753 4126 with
766 4069 837 4127 that
851 4067 963 4146 quoted
976 4067 1017 4146 by
1030 4069 1165 4142 Servius,
1176 4071 1245 4129 that
1257 4072 1310 4130 the
1323 4071 1441 4132 Aeneid

225 4161 325 4239 ought
339 4167 372 4221 to
384 4160 477 4239 begin
487 4161 561 4218 with
574 4159 628 4218 the
641 4159 695 4218 fall
711 4160 744 4218 oi
762 4160 852 4238 Troy.
896 4158 960 4218 'Phe
978 4180 1098 4219 answer
1116 4166 1148 4220 to
1162 4161 1224 4220 this
1238 4162 1265 4222 is
1279 4183 1319 4222 au
1332 4164 1441 4242 appeal

224 4258 257 4313 to
274 4254 328 4313 the
348 4253 486 4331 example
505 4252 538 4311 of
555 4251 680 4323 Homer,
696 4253 856 4330 exproseed
876 4251 908 4310 iu
923 4251 1023 4310 words
1038 4252 1136 4311 which
1156 4252 1264 4314 lhave
1277 4254 1439 4328 italicized,

178 4381 183 4388 «
225 4349 354 4408 because
376 4347 450 4425 they
470 4367 523 4406 are
544 4347 657 4406 almost
679 4366 698 4405 a
719 4346 904 4424 paraphrase
927 4344 960 4403 oi
981 4345 1127 4404 Horace’s
1149 4345 1226 4406 lines
1250 4347 1286 4406 in
1307 4349 1359 4408 the
1382 4349 1442 4409 Ars
