3192 4950
313 393 407 460 lxxvi
429 391 522 459 THE
544 391 752 460 ANOIENT
776 391 1152 461 COMMENTATORS
1175 393 1240 461 ΟΝ
1262 391 1431 461 VIRGIL.

353 570 388 628 P.
404 571 451 640 13,
467 589 584 646 crepero
597 589 646 629 res
660 570 781 648 proprie
799 569 914 628 dicitnr
934 568 1036 642 dubia,
1052 569 1180 628 undeet
1193 571 1396 698 crepusculum
1408 568 1510 628 dicitur

312 665 367 722 lux
381 662 484 732 dubia,
499 668 530 721 61
543 682 628 721 66666
643 663 790 740 decrepiti
804 661 890 732 dicti,
905 660 959 721 dc.

356 757 490 829 Servius,
512 755 550 813 A.
565 757 591 814 2.
614 756 683 828 268,
698 756 736 816 de
751 757 919 832 crepusculo
932 775 1014 823 vero,
1028 755 1111 832 quod
1132 760 1179 815 est
1192 756 1286 814 dubia
1299 757 1354 814 lux
1368 753 1447 833 (nam
1458 773 1510 812 crc-

307 865 417 924 perum
430 845 560 905 dubium
572 845 750 924 significat),
766 847 935 924 quaeritur.
976 843 1141 922 (Verrius:
1164 846 1289 918 Paulus,
1303 868 1333 925 p.
1350 845 1411 923 71.)

353 939 388 996 Ρ.
410 939 457 1008 14,
479 939 614 997 Auernus
637 940 724 998 lacus
744 938 861 998 idcirco
881 938 1053 1015 appellatus
1074 942 1121 997 est
1142 939 1216 1015 qnia
1235 940 1310 997 odor
1330 939 1394 998 eius
1412 939 1510 997 avibus

311 1031 537 1092 infestissimus.
603 1032 707 1091 Huius
728 1033 773 1090 rei
794 1031 1010 1091 manifestator
1023 1036 1071 1092 est
1092 1031 1254 1091 Lucretius
1267 1033 1319 1092 lib.
1333 1033 1393 1093 VI.
1407 1032 1510 1090 “Prin-

311 1125 392 1203 cipio
406 1127 488 1204 quod
501 1127 626 1187 Averna
639 1132 796 1198 vocantur,
811 1145 921 1185 nomen
942 1124 974 1183 id
992 1127 1032 1184 ab
1050 1145 1084 1183 re
1096 1125 1280 1204 Impositum
1296 1129 1350 1197 est,
1366 1126 1436 1203 qnia
1447 1130 1510 1184 sunt

311 1218 420 1276 avibus
446 1219 601 1278 contraria
627 1224 720 1277 cunct
721 1219 779 1277 is.”
829 1217 921 1276 Unde
942 1222 975 1275 61
997 1217 1158 1294 Vergilius
1180 1218 1234 1276 lib.
1257 1217 1349 1276 VL‘
1352 1217 1444 1276 ‘Inde
1466 1219 1510 1275 ubi

312 1328 421 1367 venere
433 1309 472 1368 ad
487 1309 593 1370 lauces
613 1310 821 1386 graveolentis
835 1309 962 1377 Averni,
978 1308 1105 1367 Tollunt
1118 1328 1151 1368 se
1171 1309 1315 1382 celeres,’'
1329 1315 1361 1367 et
1372 1309 1494 1387 postea
1486 1329 1510 1365 rr

311 1418 346 1458 eo
360 1399 449 1474 libro,
466 1400 594 1474 “Quam
609 1421 702 1480 super
716 1400 800 1459 haud
813 1400 922 1471 aliae,”
937 1399 990 1458 dc.

355 1491 440 1551 Serv.
455 1491 492 1550 A.
510 1495 538 1552 3.
553 1494 622 1564 442,
638 1494 771 1551 Auernus
785 1496 892 1551 autem
904 1491 938 1549 in
958 1490 1072 1567 plurali
1084 1492 1204 1550 Aemo
1222 1492 1308 1563 facit,
1322 1497 1359 1550 ut
1381 1491 1510 1550 'I'urtoru¹

316 1585 467 1643 Tartaru:
490 1586 571 1644 uude
589 1590 636 1644 est
650 1587 768 1644 Auerna
785 1586 925 1644 66666116
939 1585 1031 1643 silvia
1076 1584 1157 1644 Sane
1175 1585 1225 1644 bic
1243 1586 1329 1644 lacus
1343 1591 1415 1644 ante
1431 1586 1510 1644 silva·

312 1703 383 1740 rum
405 1682 555 1741 densitate
576 1682 619 1740 sic
638 1681 837 1754 ambiebatur,
853 1686 889 1739 ut
909 1680 1056 1740 exhalans
1075 1681 1148 1739 inde
1169 1701 1224 1759 per
1246 1681 1405 1759 angustias
1427 1702 1510 1758 aquai

312 1776 475 1852 sulpureae
496 1775 573 1834 odor
595 1773 797 1851 gravissimus
815 1773 1045 1852 supervolantes
1057 1791 1130 1832 aves
1142 1777 1276 1844 necaret,
1290 1773 1371 1832 unda
1384 1777 1415 1832 ot
1427 1772 1510 1832 Aver

311 1884 371 1925 nus
386 1867 489 1924 dictus
504 1869 560 1938 661,
575 1866 663 1942 quasi
677 1865 789 1942 ἅορνος.

353 1956 388 2014 Ρ.
405 1956 452 2028 14,
468 1957 591 2015 extorris
612 1957 727 2015 dicitur
748 1963 835 2015 extra
855 1961 970 2014 terram
989 1957 1038 2014 vel
1057 1961 1145 2014 extra
1164 1956 1321 2028 terminos,
1340 1956 1392 2017 dc.
1436 1957 1510 2015 Serv

248 2085 251 2092 ·
312 2050 350 2109 A.
365 2053 394 2109 4.
410 2052 479 2124 616,
488 2052 603 2130 fluibus
614 2053 755 2110 cutorris:
771 2056 858 2110 extra
871 2072 944 2111 suas
957 2056 1055 2110 terras
1068 2061 1211 2110 remotus.

353 2142 388 2199 P.
412 2141 457 2212 15,
482 2147 578 2200 torrus
602 2142 718 2200 dicitur
734 2143 813 2219 suu:
844 2141 927 2200 unda
953 2146 986 2200 et
1013 2141 1160 2199 torridure
1188 2140 1321 2199 dicimus
1352 2141 1510 2199 comburere

313 2233 493 2292 Illustrated
506 2233 588 2291 from
602 2231 727 2292 Accius.

355 2325 489 2397 Servius,
503 2324 542 2383 A.
560 2327 606 2384 12.
624 2327 691 2398 298,
709 2327 848 2384 Turrem:
871 2326 930 2384 erit
943 2325 1155 2384 nominativus
1168 2325 1216 2383 bic
1230 2325 1326 2397 torric,
1341 2325 1433 2384 etita
1444 2344 1510 2381 nun

312 2417 453 2477 dicimus.
495 2417 577 2477 Nam
594 2417 672 2477 illud
691 2417 784 2476 Ennii
801 2422 833 2478 et
852 2417 983 2478 Pacuvii
1002 2417 1128 2498 penitus
1146 2416 1185 2476 de
1203 2437 1262 2478 usn
1278 2418 1462 2491 recursitat
1481 2416 1510 2473 a·

314 2515 420 2580 torrus,
433 2510 525 2567 116166
539 2510 614 2567 torri
627 2509 775 2568 dicamus.

353 2601 388 2658 P.
414 2600 461 2671 18,
487 2620 593 2659 rumen
616 2600 731 2659 dicitur
750 2600 836 2659 locus
855 2601 888 2658 in
912 2605 1022 2660 ventre
1045 2618 1106 2676 quo
1131 2600 1218 2658 cibus
1237 2598 1373 2658 sumitur
1394 2605 1427 2660 et
1447 2602 1510 2659 und

313 2692 463 2764 redditur,
481 2692 534 2751 dc.

356 2784 443 2845 Serv.
473 2784 509 2841 11.
532 2786 560 2846 6.
588 2786 636 2855 54,
660 2786 824 2844 ruminatio
853 2790 957 2845 autem
980 2792 1029 2845 cst
1047 2806 1067 2845 a
1089 2806 1186 2857 ruma,
1210 2785 1367 2844 eminente
1390 2783 1510 2862 gutturi

313 2882 414 2955 parte:
437 2896 494 2953 per
509 2897 603 2954 qnam
617 2877 770 2937 demissus
784 2879 871 2937 cibus
884 2899 903 2938 a
915 2879 1010 2937 certis
1023 2881 1186 2938 revocatur
1197 2877 1389 2936 animalibus.
1422 2876 1510 2954 Com]

314 2968 355 3025 ib.
371 2966 410 3025 A.
426 2967 454 3026 8.
470 2968 520 3027 90.

354 3058 388 3115 P.
404 3058 452 3130 21,
468 3079 596 3116 cernuus
610 3060 725 3118 dicitur
742 3060 867 3139 proprie
884 3062 1057 3132 iucliuutur,
1073 3060 1162 3136 quasi
1177 3060 1261 3137 qnod
1281 3063 1395 3119 terram
1414 3079 1509 3118 cerna

314 3148 450 3208 Lucilius
476 3150 661 3209 Saturarum
689 3152 743 3209 lib.
767 3151 828 3208 111.
857 3155 1020 3211 “cernuus
1047 3152 1202 3228 extemplo
1229 3152 1351 3229 plantas
1377 3157 1509 3210 convert

314 3241 486 3299 honestas.”
542 3241 702 3319 Vergilius
726 3243 779 3301 lib.
803 3243 845 3301 X.
870 3244 1056 3320 “eiectoque
1078 3243 1232 3302 incumbit
1257 3262 1390 3301 cernuus
1413 3262 1510 3301 armo.

315 3330 454 3389 Lucilius
472 3331 655 3392 Saturarum
672 3334 723 3393 lib.
740 3334 880 3393 XXVII.
896 3336 1013 3394 “modo
1033 3354 1163 3406 sursum,
1177 3334 1268 3393 modo
1287 3334 1440 3404 deorsum,
1455 3338 1510 3390 tan

316 3442 408 3499 quam
422 3425 518 3483 collus
532 3426 668 3485 cernui.''
709 3427 812 3487 Varro
826 3429 863 3487 de
876 3427 951 3487 Vita
964 3427 1041 3485 PR.
1055 3428 1108 3487 lib.
1119 3428 1144 3485 1.
1157 3429 1277 3488 “etiam
1290 3428 1385 3505 pelles
1400 3428 1510 3485 bubuli

315 3515 381 3573 oleo
397 3516 538 3593 perinsus
551 3518 782 3593 percurrebant,
797 3519 902 3595 ibique
915 3520 1133 3589 ceruuabant,”
1148 3518 1201 3579 dc.

359 3604 495 3679 Servius,
508 3607 546 3663 A.
558 3608 607 3666 10.
618 3609 686 3681 894,
697 3630 820 3668 ceruum
829 3611 944 3668 dicitur
953 3630 1051 3687 equus
1061 3611 1114 3685 qui
1127 3610 1210 3668 cadit
1221 3610 1256 3667 in
1268 3609 1388 3679 faciem,
1397 3607 1491 3684 quasi
1505 3609 1510 3665 i

316 3702 516 3775 campartem
535 3719 598 3776 qua
615 3702 776 3760 cernimus.
818 3701 910 3760 Unde
930 3708 962 3761 et
981 3702 1070 3779 pueri
1089 3721 1165 3778 quos
1184 3701 1218 3759 in
1235 3701 1318 3759 ludis
1331 3700 1488 3767 videmus,
1504 3722 1510 3756 ι

317 3794 403 3865 parte
417 3808 478 3865 qna
497 3796 628 3849 cernunt
650 3796 768 3852 stantes
788 3793 891 3851 cernui
906 3798 1073 3853 vocantur:
1098 3800 1134 3853 ut
1154 3794 1247 3851 etiam
1264 3791 1365 3851 Varro
1385 3792 1422 3849 in
1440 3794 1510 3851 Lud

318 3881 534 3941 Theatralibus
549 3883 647 3942 docet.

358 3970 393 4028 P.
415 3971 462 4042 21,
484 3972 644 4031 stricturae
664 3974 812 4033 dicuntur
830 3978 952 4054 proprie
973 3976 1123 4035 scintillae
1143 3976 1277 4053 quaeda
1296 3975 1379 4035 ferro
1399 3976 1510 4036 serven

318 4068 403 4136 eunt,
421 4062 472 4122 dc.
513 4064 675 4143 Vergilius
689 4068 742 4126 lib.
757 4067 849 4125 VHI.
890 4068 1028 4128 Lucilius
1046 4067 1230 4127 Saturarum
1244 4068 1295 4126 lib.
1309 4066 1371 4125 111.

361 4155 496 4229 Servius,
512 4158 548 4213 A.
565 4157 592 4216 8.
609 4158 678 4231 420,
693 4161 834 4217 strictura
847 4166 895 4219 est
907 4166 990 4220 terra
1003 4160 1078 4219 ferri
1087 4162 1121 4219 in
1133 4180 1266 4219 massam
1280 4166 1395 4220 coacta

358 4247 395 4304 P.
410 4247 458 4319 22,
481 4246 578 4323 plicuit
598 4254 646 4307 661
662 4252 853 4327 congelascit
875 4258 907 4310 61
927 4252 1093 4329 colligitur,
1116 4252 1303 4323 veterescit,
1325 4252 1375 4312 vel
1391 4252 1508 4330 ignesc

318 4338 442 4416 Among
455 4339 543 4399 other
557 4340 710 4400 instances
727 4342 810 4400 from
829 4342 995 4420 Turpilius,
1010 4341 1132 4416 Accius,
1147 4343 1310 4415 Pacuvius,
1327 4342 1459 4413 Sallust,
1480 4364 1510 4400 ar

319 4431 425 4491 Cicero
450 4430 612 4509 (Hor-tens.
633 4436 732 4510 qiiacit
751 4434 808 4493 ilia
828 4441 863 4492 ut
882 4435 961 4510 iquir
981 4432 1060 4513 olco)
1081 4435 1107 4494 is
1127 4436 1241 4512 quoted
1261 4435 1351 4511 Virg.
1375 4434 1417 4492 A.
1443 4435 1496 4493 12.
