3192 4950
685 363 749 430 ΟΝ
772 362 867 429 THE
889 358 1044 426 LATER

483 540 555 589 Dum
565 536 657 604 tepida
666 535 787 599 indulget
797 534 874 587 terris
885 532 1020 584 clementia
1030 530 1129 583 mundi

483 617 582 667 Verum
593 615 640 665 ubi
651 614 765 665 Carrrino
776 612 929 677 perstrinxit
940 611 1033 673 frigore
1044 624 1141 673 vesper,

485 692 529 742 Ira
539 692 613 749 iacet,
625 689 754 754 turboque
765 690 856 751 potens
867 687 984 751 operitur
994 684 1080 735 inerti.

483 768 560 818 Illius
571 770 598 818 et
608 764 727 815 manibus
738 764 802 814 viris
812 765 848 814 sit
859 778 920 813 cura
930 762 1033 812 futuras

484 845 660 906 Perpennam:
677 841 743 891 levis
754 840 865 890 deducet
875 833 988 903 pondere
999 838 1100 887 fratres.

484 919 540 969 Nec
551 934 593 968 me
600 916 771 982 pignoribus,¹
783 930 831 967 nec
842 920 868 965 te
878 930 936 966 mea
947 915 1062 965 carmina
1073 913 1174 963 tollent.

485 996 607 1046 Protinus
618 999 646 1044 et
656 995 744 1043 cultus
755 993 821 1043 alios
832 997 859 1044 et
871 991 960 1043 debita
970 992 1037 1041 fetae

486 1071 672 1122 Blandimeuta
683 1070 756 1129 feres,
768 1084 881 1133 curaque
893 1083 1000 1133 sequere
1011 1070 1166 1119 merentem:

486 1150 538 1200 Ills
549 1148 657 1213 perinde
668 1163 727 1197 suos
738 1152 769 1197 ut
779 1147 830 1197 erit
842 1146 943 1197 delecta
954 1146 1084 1205 minores,¹

486 1227 527 1276 Ac
537 1226 642 1289 longum
653 1223 797 1288 praestabit
808 1238 890 1285 opem.
924 1222 992 1271 Tum
1003 1221 1123 1286 deniqne,
1135 1221 1203 1271 letae

487 1304 554 1355 (lum
565 1302 660 1352 desunt
670 1303 751 1365 operi,
762 1302 894 1365 fregitque
905 1300 1035 1350 industria
1045 1302 1148 1358 matres,

488 1381 616 1431 Transeat
626 1381 655 1429 in
664 1379 765 1429 catulos
775 1378 859 1427 omnis
871 1377 954 1427 tutela
965 1376 1074 1427 relictos.

488 1459 570 1509 Lacte
581 1471 673 1507 novam
685 1455 781 1519 pubem
792 1454 914 1518 facilique
925 1452 1029 1503 tuebere
1040 1467 1120 1512 maza,

488 1536 543 1586 Nec
554 1534 633 1584 luxus
643 1534 709 1584 alios
720 1533 866 1597 aridaeque
877 1532 1008 1597 impendia
1019 1532 1089 1583 vitae

489 1612 619 1663 Noscant:
635 1611 701 1661 haec
711 1625 805 1674 magno
816 1608 884 1660 redit
899 1609 1064 1673 indulgentia
1074 1610 1180 1659 damno:

489 1689 545 1739 Nec
556 1689 665 1738 mirum:
681 1687 810 1738 humanos
820 1700 872 1735 non
884 1686 940 1735 est⁸
951 1686 1034 1749 magis
1045 1686 1129 1736 altera
1139 1700 1245 1736 sensus:

490 1766 572 1817 Tollit
582 1782 611 1816 se
621 1766 697 1826 ratic,
708 1769 737 1816 et
747 1766 821 1815 vitiis
831 1763 987 1814 adeuntibus
997 1763 1090 1815 obstat

491 1843 565 1893 Haec
574 1843 622 1893 illa
632 1847 681 1904 est,
692 1842 801 1892 Pharios
812 1856 880 1906 quae
891 1840 970 1903 fregit
980 1840 1059 1890 noxia
1068 1856 1150 1904 reges,

491 1920 563 1971 Dum
573 1922 676 1969 servata
685 1919 757 1969 aevia
768 1920 861 1982 potant
873 1917 1015 1967 Mareotica
1027 1918 1143 1981 gemmis,

491 1996 711 2060 Nardiierumqne
723 1997 825 2045 metunt
837 1994 964 2057 Gangem,
975 1995 1100 2059 vitiisque
1111 1994 1268 2045 ministrant.

492 2073 537 2122 Sia
547 2073 573 2120 et
585 2070 759 2120 Achaemenio
770 2069 897 2131 cecidisti,
909 2069 1002 2133 Lydia,
1015 2070 1097 2134 Cyro:

492 2147 576 2211 Atqui
588 2146 661 2195 dives
671 2160 734 2204 eras,
746 2143 896 2194 fluvialibus
906 2160 984 2193 aurea
995 2145 1074 2195 renis.

493 2221 607 2281 Scilicet,
618 2221 652 2293 ad
664 2234 790 2269 summam
801 2234 834 2269 ne
846 2220 910 2284 quid
921 2222 1029 2269 restaret
1040 2218 1197 2279 habendum,

493 2298 536 2348 Tu
548 2311 660 2363 quoque,
671 2296 791 2347 luxuriae
802 2295 878 2347 fletae
893 2295 956 2345 dum
967 2296 1068 2361 colligis
1079 2297 1152 2359 artis,

493 2374 530 2424 Et
540 2374 657 2439 sequeris
668 2373 774 2423 demens
785 2372 906 2435 alienam,
918 2372 1035 2433 Graecia,
1045 2372 1159 2435 culpem,

495 2452 519 2504 Ο
530 2455 658 2518 quantum
669 2455 696 2502 et
707 2451 828 2517 quotiens
838 2449 938 2502 decoris
952 2451 1073 2502 frustrata
1084 2451 1201 2516 paternii

495 2528 534 2579 At
544 2528 630 2594 qualis
640 2529 744 2588 nostris,
755 2543 835 2592 quam
847 2528 958 2592 simplex
968 2543 1064 2587 mensa,
1076 2527 1194 2578 Camillis
1205 2529 1210 2579 l

496 2605 550 2665 Qui
561 2606 611 2656 tibi
622 2606 710 2655 cultus
721 2609 778 2656 erat
787 2608 846 2669 post
857 2609 904 2664 tct,
916 2605 1033 2666 Seriane,
1044 2605 1202 2670 triumpbcsl

498 2681 569 2744 Ergo
579 2681 622 2730 illi
632 2696 665 2731 ex
676 2680 769 2730 habitu
779 2681 937 2744 virtutisque
947 2679 1034 2731 indole
1046 2682 1145 2745 priseae

496 2756 645 2820 Imposuere
654 2757 710 2806 orbi
720 2757 830 2806 Romam
840 2759 926 2820 caput,
938 2760 1047 2821 setaque
1058 2757 1091 2808 eb
1102 2757 1156 2808 illis

496 2837 541 2886 Ad
551 2837 652 2888 caelum
663 2837 746 2886 virtus
757 2851 921 2900 summosque
932 2836 1043 2887 tetendit
1053 2838 1168 2888 honores.

498 2912 604 2963 Scilicet
616 2913 720 2974 exiguis
731 2927 826 2976 magna
837 2911 886 2962 sub
897 2914 1011 2976 imagine
1021 2913 1097 2964 rebus

498 2989 651 3053 Prospicies,
662 3003 730 3052 quae
741 2989 776 3037 sit
786 2989 853 3040 ratio
863 2989 890 3037 et
900 3003 953 3055 quo
965 2988 1016 3039 tine
1027 2989 1162 3054 regenda.”

314 3146 379 3205 The
394 3143 570 3220 Oyaepeta'cc
583 3141 616 3199 oi
635 3141 837 3200 Nemesianus
858 3159 928 3218 may
946 3140 985 3199 be
1005 3142 1220 3219 conveniently
1234 3143 1354 3202 treated
1366 3143 1400 3201 in
1415 3163 1498 3202 con-

274 3237 388 3296 nexion
402 3235 477 3295 with
492 3231 629 3292 Gratius'
644 3251 742 3310 poem,
757 3231 877 3308 though
891 3231 945 3290 the
958 3233 1089 3292 interval
1102 3233 1135 3292 of
1155 3234 1232 3293 time
1252 3235 1388 3294 between
1403 3237 1501 3295 their

275 3329 444 3408 respective
457 3327 545 3385 dates
557 3325 585 3384 is
599 3324 814 3384 considerable.
858 3323 923 3382 The
942 3345 1082 3403 younger
1101 3331 1174 3403 poet
1194 3332 1285 3400 must,
1301 3327 1318 3385 Ι
1332 3328 1439 3400 think,
1457 3330 1503 3388 be

310 3495 319 3524 ¹
335 3492 363 3543 If
376 3492 421 3543 the
431 3493 489 3541 text
499 3489 523 3540 is
533 3489 614 3552 right,
625 3485 802 3551 “pignoribus
810 3486 824 3510 ⁶
835 3489 905 3535 must
915 3485 982 3536 have
993 3487 1039 3537 the
1050 3503 1125 3539 sense
1133 3488 1163 3538 cf
1170 3493 1186 3518 ‘¹
1193 3488 1322 3540 indiciis.”
1346 3491 1423 3540 ‘Ycu
1438 3493 1505 3542 will

276 3572 323 3621 not
333 3568 387 3618 find
398 3568 443 3618 the
453 3566 544 3617 tokens
555 3563 703 3615 mentioned
715 3563 742 3612 in
753 3578 798 3626 my
809 3577 883 3626 poem
894 3562 1019 3624 delusive,
1030 3579 1082 3628 any
1093 3581 1162 3616 more
1173 3567 1237 3616 thsn
1248 3567 1263 3617 I
1274 3567 1323 3617 do!
1356 3567 1417 3619 But
1428 3570 1510 3619 Bur-

278 3660 355 3695 mann
366 3645 390 3693 is
400 3642 522 3707 pmbably
533 3641 607 3706 right
614 3641 642 3690 in
653 3640 762 3703 reading
770 3644 786 3668 “
793 3639 867 3689 Haec
878 3639 911 3690 de
923 3639 1075 3704 pignoribus
1083 3643 1144 3704 (nec
1152 3647 1176 3692 te
1184 3657 1241 3692 mea
1249 3643 1362 3695 carmina
1370 3645 1492 3708 fallent)
1503 3663 1511 3696 :

278 3720 424 3783 Protinus,”
435 3721 487 3780 dc,
497 3720 544 3770 the
554 3733 642 3783 young
653 3721 668 3745 ⁴⁴
676 3719 785 3782 pignora
792 3717 808 3742 ”
820 3717 898 3781 being
909 3717 1101 3782 distinguished
1111 3720 1176 3770 from
1188 3721 1233 3772 the
1243 3723 1351 3774 mother.

311 3799 323 3832 ¹
337 3798 389 3848 For
399 3797 472 3847 these
483 3795 573 3857 words,
585 3794 671 3845 which
681 3795 710 3844 ci
723 3809 812 3845 course
823 3795 882 3857 give
898 3791 940 3843 nc'
949 3809 1029 3856 sense,
1040 3794 1164 3857 Johnson,
1180 3813 1215 3847 an
1233 3799 1346 3862 English
1363 3801 1460 3850 editor
1480 3801 1520 3850 of

279 3874 386 3926 Gratius
402 3870 455 3922 and
476 3872 646 3922 Nemesianus
663 3870 793 3934 (Lcndon,
811 3872 896 3934 1699),
915 3871 1079 3936 ingenicusly
1104 3877 1224 3937 suggests
1246 3880 1317 3927 “suo
1336 3877 1457 3938 nutrit,”
1481 3893 1518 3928 or

279 3958 295 3982 ‘⁴
302 3950 426 4011 saturat,”
436 3950 452 3978 ‘⁸
461 3948 494 3999 de
505 3948 571 3999 lacte
582 3947 716 3998 minores.”
741 3948 900 4008 Lachmann,
908 3948 992 3999 whom
1004 3949 1095 4014 Haupt
1107 3951 1211 4013 follows,
1220 3952 1334 4018 changes
1345 3955 1520 4006 “delecta”

280 4029 336 4078 into
347 4032 362 4055 ‘⁴
370 4024 514 4087 devincta,”
526 4025 572 4075 the
583 4025 640 4075 MS.
651 4024 760 4088 reading
769 4025 798 4074 in
810 4025 854 4075 the
864 4029 929 4076 next
940 4026 996 4076 line
1007 4025 1088 4092 being
1097 4032 1145 4079 not
1156 4033 1171 4056 ‘⁴
1179 4045 1209 4079 sc
1217 4030 1233 4053 ”
1244 4029 1293 4082 but
1304 4037 1319 4060 ‘¹
1327 4031 1388 4082 ΜΨ

313 4105 324 4134 ⁸
340 4103 433 4153 “Est''
444 4102 468 4152 is
478 4101 611 4166 generally
622 4101 777 4152 understood
788 4102 806 4151 i.
818 4117 843 4166 q.
856 4103 870 4129 “
880 4102 958 4152 edit.'’
992 4102 1024 4152 In
1036 4103 1081 4154 the
1092 4107 1157 4154 next
1167 4104 1221 4158 line
1232 4107 1316 4158 Barth
1332 4108 1526 4172 conjectures

280 4180 393 4230 “Tollat
411 4215 418 4228 .
435 4214 443 4229 .
460 4216 466 4228 .
483 4177 592 4238 cbatet,”
612 4193 703 4228 reason
721 4177 802 4242 being
823 4178 907 4228 called
931 4195 1000 4244 upon
1022 4184 1049 4230 to
1071 4181 1121 4232 risa
1143 4181 1196 4233 aad
1218 4187 1267 4248 put
1288 4184 1364 4236 down
1390 4186 1527 4250 luxury,

280 4255 437 4317 Wsrnsdcri,
448 4255 517 4306 aiter
527 4255 654 4318 Johnson,
664 4254 777 4318 changes
788 4258 804 4282 ‘⁴
812 4255 923 4305 obstat”
935 4256 991 4306 into
1002 4261 1018 4284 “
1026 4257 1137 4318 ebetat,”
1152 4262 1296 4326 supposing
1309 4263 1356 4314 2110
1373 4277 1469 4314 „em
1491 4269 1531 4313 ιο

280 4333 314 4384 bs
325 4335 382 4385 that
392 4334 469 4384 when
480 4334 535 4384 vice
546 4335 641 4391 enters,
651 4347 743 4382 resson
753 4333 851 4382 retires.
885 4333 1036 4386 Lachmann
1046 4336 1123 4386 reads
1134 4339 1150 4364 “
1157 4337 1284 4390 humanos
1295 4354 1345 4389 non
1357 4355 1404 4390 res
1418 4341 1534 4404 magis

281 4410 364 4460 altera
373 4425 465 4461 sensus
476 4410 573 4460 Tollit:
590 4407 636 4459 sed
647 4409 714 4459 ratio
724 4410 798 4459 vitiis
809 4410 964 4462 adeuntibus
976 4411 1087 4473 obstat,”
1095 4413 1182 4466 which
1193 4415 1286 4480 Haupt
1295 4415 1402 4480 adopts.
