3192 4950
204 377 299 445 THE
320 376 531 445 ANGIENT
553 375 932 444 COMMENTATORS
954 375 1020 443 ΟΝ
1041 375 1216 443 VIRGIL.
1250 376 1369 443 lxxxix

192 550 327 624 Servius,
342 549 382 609 A.
396 550 426 610 6.
439 551 507 623 545,
523 550 649 627 explebo
669 555 717 609 est
733 550 879 609 minuam.
919 549 1003 609 Nam
1015 549 1192 610 aitEnuiua
1206 551 1368 610 “naribus

147 646 313 723 explebant
334 663 407 716 sese,
430 649 587 721 terrasque
610 644 802 721 replebant.'’
844 643 943 718 Quam
968 643 1069 721 Caper
1091 649 1217 703 secutus
1236 664 1308 703 cum
1329 643 1368 702 de

148 737 374 816 praepositione
401 757 436 794 ec
457 739 612 807 tractaret,
630 736 688 794 hoc
710 734 885 812 exemplum
905 736 1020 813 posuit.
1065 735 1128 794 Did
1150 735 1272 796 Nonius
1293 736 1369 794 then

150 830 225 888 take
239 829 286 886 his
300 828 437 906 example
451 827 532 887 from
547 827 656 907 Caper,
671 849 707 886 or
719 828 801 888 from
814 847 899 887 some
912 829 999 888 older
1011 826 1143 889 source?

194 923 230 982 P.
246 921 314 994 307,
323 923 468 1000 fatiscere
480 927 528 980 est
541 921 665 999 aperiri.

194 1015 331 1084 Servius,
351 1013 390 1072 A.
413 1015 441 1073 1.
465 1015 533 1087 123,
551 1015 713 1092 fatiscant,
737 1014 931 1073 abundanter
952 1014 1152 1091 aperiuntur;
1166 1015 1264 1092 faties
1286 1013 1368 1074 enim

151 1108 340 1166 abundanter
353 1106 484 1166 dicimus
500 1104 594 1184 (unde
607 1111 639 1165 et
652 1101 808 1185 adfatim),
824 1106 934 1164 hiscere
946 1110 1049 1164 autem
1063 1105 1188 1182 aperiri.

194 1198 231 1257 P.
254 1196 321 1270 307,
334 1199 423 1276 serae
435 1199 549 1257 iterum
561 1216 667 1274 equus.
706 1197 866 1275 Vergilius
877 1195 1032 1257 Aeneidos
1047 1197 1100 1257 lib.
1114 1196 1157 1255 Π.
1173 1197 1293 1274 “inque
1309 1197 1369 1255 feri

152 1310 281 1350 curram
307 1290 506 1367 compagibus
532 1289 636 1348 alvum
660 1287 847 1348 Ooutorsit.”
902 1287 1016 1348 Accius
1039 1288 1159 1362 Medea,
1185 1289 1310 1367 “perite
1335 1290 1369 1347 in

150 1381 282 1440 stabulis
308 1383 411 1440 frenos
438 1380 607 1440 immittens
634 1379 739 1440 ieriff
787 1381 882 1439 Perae
908 1381 1022 1440 iterum
1054 1379 1210 1458 significat
1240 1401 1368 1440 cererem.

152 1473 313 1551 Vergilius
325 1474 378 1533 lib.
391 1474 466 1532 VII.
478 1475 707 1552 “pectebatque
720 1473 831 1546 ferum,
844 1494 982 1552 puroque
995 1475 1029 1533 in
1040 1473 1130 1533 fonte
1143 1474 1295 1534 lavabat.”

193 1564 260 1623 The
272 1565 399 1624 Verona
408 1565 522 1624 scholia
535 1586 576 1625 on
588 1565 627 1623 A
641 1562 667 1622 7.
676 1565 735 1624 489
749 1570 844 1643 quote
853 1584 872 1623 a
880 1572 954 1624 note
963 1566 996 1625 of
1009 1565 1121 1626 Velius
1129 1565 1256 1644 Longus
1266 1565 1369 1624 which

151 1653 291 1735 (though
314 1657 366 1716 the
388 1661 455 1715 text
475 1657 503 1715 is
526 1676 597 1715 now
618 1657 796 1734 mutilated)
813 1658 840 1716 it
853 1658 880 1715 is
895 1657 1020 1718 evident
1041 1663 1127 1717 must
1144 1657 1223 1717 have
1236 1659 1331 1717 borne
1349 1676 1370 1715 a

153 1753 279 1830 general
301 1753 506 1812 resemblance
527 1758 560 1812 to
583 1753 651 1813 that
674 1754 707 1812 of
730 1753 860 1827 Nonius,
875 1755 1007 1832 quoting
1025 1773 1060 1812 as
1081 1753 1109 1812 it
1128 1753 1200 1813 does
1224 1753 1263 1811 A
1278 1752 1306 1809 2.
1328 1752 1367 1811 51

155 1845 277 1922 “inque
291 1845 349 1903 ieri
362 1845 517 1916 curvam,’'
532 1843 585 1904 Coe.

196 1935 231 1994 P.
250 1937 319 2008 311,
332 1937 433 2014 setam
451 1937 604 2012 significat
622 1939 756 2013 plenaria
808 1937 967 2016 Vergilius
989 1937 1139 1997 Aeneidos
1158 1937 1211 1996 lib.
1231 1936 1256 1994 Ι.
1275 1937 1369 1995 “loca

154 2029 221 2089 feta
257 2031 433 2090 furentibus
464 2030 604 2090 austris.”
670 2029 712 2088 Et
742 2030 795 2091 lib.
828 2030 871 2088 H.
911 2030 1057 2090 “scandit
1089 2030 1192 2090 fatalis
1226 2029 1369 2088 machina

154 2141 268 2195 muros,
284 2123 360 2182 Feta
379 2123 501 2182 armis.”
550 2123 650 2182 Varro
662 2121 750 2202 γνῶθι
760 2121 866 2182 eccard
902 2167 911 2183 .
933 2167 941 2182 .
964 2125 1107 2195 ,111111
1121 2141 1211 2181 onere
1223 2123 1366 2182 levatum.

155 2216 319 2294 Vergilius
337 2217 389 2277 lib.
406 2216 498 2276 VIII.
517 2217 660 2276 “fecerat
679 2223 711 2276 et
730 2216 824 2276 viridi
844 2217 942 2276 fetam
961 2216 1113 2276 Mavortis
1130 2215 1164 2273 in
1183 2220 1273 2274 antro
1294 2213 1367 2273 Pro·

156 2309 300 2369 cubuisse
327 2309 463 2387 lupam.'’
513 2309 555 2368 Et
582 2308 806 2386 Georgicorum
825 2309 879 2369 lib.
900 2309 959 2368 111.
981 2311 1067 2368 “neo
1093 2309 1153 2368 tibi
1178 2307 1261 2368 fetae
1281 2307 1368 2366 More

156 2407 280 2480 patrum
294 2403 384 2462 nivea
397 2402 572 2481 implebunt
584 2403 736 2482 mulgaria
749 2403 889 2463 vaccae.''

200 2492 336 2565 Servius,
350 2494 390 2552 A.
406 2494 433 2552 1.
444 2495 492 2565 51,
502 2496 567 2553 loeo
574 2495 652 2572 seta,
662 2514 743 2552 nune
752 2496 857 2570 plena,
867 2494 970 2553 utalio
984 2493 1050 2551 loeo
1058 2494 1128 2571 seta
1138 2492 1241 2550 armis.
1264 2491 1367 2551 Scien-

158 2584 234 2642 dum
244 2589 292 2643 est
300 2589 405 2644 autem
413 2586 513 2663 fetam
524 2586 585 2645 dici
598 2591 630 2646 et
638 2587 796 2663 gravidam
810 2592 843 2644 et
849 2593 946 2662 parta
959 2586 1126 2657 teberatom,
1136 2588 1173 2644 ut
1188 2583 1325 2643 “fecerat
1335 2589 1368 2643 et

157 2675 250 2733 viridi
264 2676 361 2734 fetam
375 2675 523 2736 Mavortis
536 2678 570 2735 iu
583 2684 671 2736 antro
685 2677 889 2737 Procubnisse
902 2677 1038 2754 lupam,”
1053 2676 1108 2735 dre.

199 2767 234 2825 P.
254 2765 322 2840 317,
342 2769 456 2841 babere,
476 2770 550 2827 satis
570 2790 635 2829 esse
650 2768 774 2847 (captus
790 2767 880 2829 esse?
922 2768 1089 2843 Quicherat
1108 2768 1186 2845 conj.
1194 2768 1364 2845 fatiscere).

158 2858 317 2937 Vergilius
330 2860 381 2920 lib.
392 2859 467 2918 XII.
484 2862 563 2921 “hoc
577 2862 678 2934 habet,
693 2861 767 2920 haee
780 2861 888 2920 melior
900 2860 1021 2938 magnis
1033 2860 1106 2919 data
1118 2860 1245 2920 victima
1256 2859 1366 2920 divis.’'

160 2950 321 3010 Terentius
335 2950 452 3011 Andria
467 2956 577 3012 “certe
590 2957 699 3030 captus
712 2957 767 3025 est,
781 2953 903 3013 habet.”

199 3042 333 3117 Servius,
348 3064 389 3101 ou
402 3042 441 3101 A.
457 3045 504 3103 12.
519 3044 587 3117 296,
602 3046 654 3104 hoc
668 3046 762 3117 tabet,
776 3045 811 3104 id
824 3050 879 3118 est,
893 3045 978 3104 letali
991 3064 1152 3122 percussus
1169 3049 1217 3103 est
1232 3045 1365 3104 vnlnere.

159 3136 332 3211 Terentius,
347 3140 365 3167 ‘⁴
376 3142 457 3196 certe
474 3145 583 3216 eaptus
598 3144 652 3211 est,
666 3139 788 3198 habet.”
896 3206 898 3210 ,

200 3228 329 3302 Nonius,
344 3248 374 3305 p.
389 3229 456 3301 319,
471 3230 527 3288 hae
540 3250 559 3288 a
572 3231 646 3308 long
658 3235 730 3290 note
744 3250 784 3288 on
797 3230 851 3289 tbe
864 3230 986 3289 various
999 3230 1159 3309 meanings
1176 3229 1209 3289 of
1222 3230 1364 3288 baudra.

159 3320 296 3377 Haut-ire
308 3320 460 3396 significat
475 3321 632 3379 exhaurire
644 3322 693 3381 vel
707 3322 830 3398 implere
844 3365 852 3378 .
868 3364 875 3378 .
891 3365 898 3379 .
913 3341 1003 3379 avare
1015 3342 1129 3380 samm
1146 3366 1153 3379 .
1172 3366 1180 3381 .
1200 3322 1367 3400 defatiqare

161 3454 168 3467 .
191 3454 198 3467 .
220 3452 227 3466 .
250 3410 403 3486 confodere
431 3452 438 3466 .
462 3454 468 3467 .
491 3454 497 3466 .
526 3411 660 3487 accepere
690 3454 696 3467 .
719 3455 726 3469 .
749 3455 756 3469 .
785 3417 890 3468 tenere.
955 3410 1017 3469 For
1036 3410 1090 3469 the
1113 3411 1254 3470 senseat
1277 3430 1366 3469 acore

160 3520 274 3558 mvnere
293 3500 331 3560 he
351 3505 459 3579 quotes
478 3500 567 3579 Virg.
586 3500 622 3559 A
645 3502 672 3560 1.
696 3501 761 3575 738,
785 3502 867 3560 “ille
887 3501 1020 3579 impiger
1040 3502 1144 3562 hausit
1163 3502 1366 3580 Spumantem

159 3592 328 3668 pateram‚''
339 3592 389 3651 for
403 3592 472 3650 that
485 3592 518 3650 of
533 3593 696 3670 confodere,
705 3592 742 3651 A.
753 3594 800 3652 10.
810 3594 879 3666 311,
894 3595 913 3623 “
924 3593 1006 3652 latus
1017 3593 1121 3651 haurit
1132 3592 1302 3670 apertum,'’
1316 3592 1367 3651 for

160 3684 230 3742 that
242 3683 277 3741 of
290 3684 425 3759 accepere
438 3684 486 3743 vel
500 3685 615 3755 audire,
628 3686 666 3743 A.
682 3686 730 3744 12.
745 3686 792 3757 25,
810 3685 912 3743 “haee
931 3686 1034 3744 animo
1045 3685 1163 3756 hauri,'’
1184 3685 1246 3744 aud
1259 3686 1287 3743 4.
1298 3682 1366 3756 359,

162 3780 358 3852 “vocemque
372 3776 420 3833 his
429 3776 557 3835 auribus
571 3777 690 3837 hausi.’'

201 3866 308 3944 Comp.
326 3866 411 3926 Serv.
424 3866 462 3924 A.
477 3868 505 3926 1.
520 3866 584 3939 738,
600 3869 800 3927 taasitmodo
814 3870 936 3946 occepit,
948 3889 1005 3929 uec
1015 3888 1178 3947 possumus
1189 3868 1369 3945 intellegere

161 3958 247 4030 tebit,
262 3978 334 4016 oum
352 3958 409 4017 hoo
423 3964 578 4035 sequatur,
594 3962 654 4018 “et
670 3961 760 4037 pleno
784 3980 817 4019 se
838 3961 954 4037 proluit
970 3960 1075 4019 auro.”
1125 3958 1209 4019 Alibi
1226 3960 1313 4032 cidit,
1332 3963 1370 4017 ut

162 4053 180 4079 “
190 4049 295 4107 hausit
307 4050 426 4108 eaelum
445 4054 638 4127 mentemque
656 4052 822 4128 receptat,”
836 4052 910 4111 alibi
924 4053 1049 4123 audiuit,
1064 4056 1101 4111 ut
1115 4054 1307 4128 “vocemque
1321 4052 1370 4111 his

161 4142 288 4201 auribus
307 4140 426 4213 hausi,''
446 4142 520 4201 alibi
532 4144 678 4214 winerat,
699 4148 736 4201 ut
755 4145 773 4172 “
784 4142 866 4201 latus
879 4143 983 4202 haurit
997 4143 1168 4221 apertum.'’
1209 4142 1252 4201 Et
1271 4144 1370 4202 multa

161 4233 222 4291 alia
230 4252 286 4309 pro
295 4233 361 4291 loeo
371 4232 535 4310 significat.
577 4232 627 4292 On
637 4233 675 4291 A.
685 4233 714 4291 4.
724 4233 791 4307 359,
804 4233 889 4294 Serv.
899 4231 1012 4313 (Dan.)
1022 4254 1100 4312 says,
1112 4234 1306 4293 toumtenim
1313 4254 1369 4311 pro

157 4324 291 4401 percepit
300 4325 453 4401 ponebant
461 4329 587 4396 veteres,
599 4329 630 4383 et
639 4325 707 4383 ideo
714 4344 777 4401 qua
786 4325 981 4402 potissimum
989 4330 1076 4403 parte
1083 4344 1191 4385 sensus
1200 4325 1371 4404 percipiant

1 4420 3 4473 Ι
161 4414 346 4493 adiungunt,
374 4420 412 4475 ut
439 4416 558 4475 “simul
582 4416 640 4475 hoc
667 4416 769 4475 animo
792 4415 911 4489 bauri,”
934 4421 966 4476 et
993 4421 1011 4447 “
1021 4416 1143 4477 hauriat
1166 4414 1249 4475 hunc
1274 4416 1371 4475 oculis
