3192 4950
330 393 406 458 xciv
464 387 557 455 THE
579 383 785 452 ANCIENT
808 381 1185 451 COMMENTATORS
1207 381 1273 450 ON
1296 382 1461 450 VIRGIL.

369 561 676 632 Ρ.416,111111111
697 557 835 616 mendax.
877 555 1038 634 Vergilius
1057 552 1210 615 Aeneidos
1230 556 1282 614 lih.
1296 555 1322 614 Ι.
1346 557 1404 615 “ni
1417 557 1522 616 frustra

328 653 494 731 augurium
515 651 586 710 vani
609 650 739 709 docuere
766 649 936 726 parentes.”
987 649 1108 708 Nonius
1126 649 1296 710 illustratas
1315 649 1433 710 further
1450 650 1522 709 from

332 744 449 805 Sallust
462 743 523 801 and
538 743 652 802 Cicero.
1008 815 1013 824 ἱ

369 835 504 905 Servius,
516 832 554 891 A.
566 834 592 891 1.
604 834 661 892 392
672 830 793 910 (Dan),
806 831 932 908 quidam
941 832 1014 890 cani
1024 831 1180 890 mendaces
1190 833 1328 892 tradunt.
1371 833 1522 895 Sallustius

328 928 360 985 in
383 926 544 1005 Iugurtha,
561 928 579 956 ‘⁴
590 945 661 982 narn
682 944 739 1001 ego
753 923 879 1000 quidem
891 923 1003 982 vellem
1017 927 1047 982 et
1060 923 1134 981 haec
1147 943 1225 1000 qaae
1236 925 1336 984 scribo
1349 929 1381 983 et
1393 925 1443 983 illa
1454 946 1522 1002 quas

327 1023 417 1077 antea
443 1018 477 1074 in
499 1021 606 1075 senatu
630 1019 755 1092 quesbus
776 1033 845 1072 sum
869 1033 948 1072 vana
968 1013 1070 1072 forent
1090 1014 1201 1091 potins,
1223 1035 1317 1092 quam
1337 1015 1453 1074 miseria
1465 1037 1522 1076 mee

328 1110 418 1168 fidem
432 1107 533 1168 verbis
543 1103 685 1166 faceret.''
722 1105 883 1163 Terentius
897 1105 931 1164 in
944 1104 1135 1175 Phormione,
1146 1106 1199 1166 ubi
1208 1107 1387 1166 adulescens
1399 1106 1522 1166 lenonem

327 1200 479 1260 mendacii
491 1199 602 1276 arguit,
617 1203 635 1230 “
647 1199 717 1256 Non
731 1203 762 1255 te
777 1196 872 1273 pudet
884 1197 1030 1256 vanitatis
1041 1196 1059 1222 ’⁹
1071 1195 1086 1256 1

370 1292 487 1353 Gellius
510 1293 559 1352 18.
587 1292 607 1349 4
630 1292 796 1350 illustratos
823 1289 876 1349 the
903 1307 987 1350 same
1013 1309 1100 1350 sense
1126 1290 1160 1350 of
1185 1311 1281 1350 11111
1302 1290 1383 1350 from
1407 1291 1522 1351 another

327 1407 455 1466 passage
478 1385 511 1445 11
537 1385 663 1455 Sallust,
685 1381 801 1458 quoted
822 1381 941 1440 neither
963 1382 1005 1458 by
1018 1381 1137 1440 Nonius
1154 1403 1212 1441 nor
1233 1383 1370 1443 Servius.
1408 1383 1467 1442 For
1479 1383 1522 1442 1111

325 1483 498 1559 etymology
512 1478 544 1538 oi
557 1497 652 1536 111111
665 1476 703 1534 he
717 1475 814 1534 refers
827 1479 860 1533 to
873 1474 1020 1552 Nigidius
1034 1474 1172 1551 Figulus.

368 1572 403 1631 P.
423 1572 491 1642 420,
505 1589 619 1628 uerrere
635 1570 682 1625 est
700 1565 829 1624 trahere.
870 1564 1029 1643 Vergilius
1045 1565 1097 1624 lib.
1112 1564 1138 1622 Ι.
1153 1568 1172 1596 “
1183 1566 1297 1645 quippe
1316 1566 1419 1626 ierant
1434 1567 1522 1644 rapid:

326 1687 437 1739 secum,
453 1668 636 1740 verrantque
650 1681 704 1738 per
717 1660 836 1718 auras.”

369 1758 504 1830 Servius,
518 1755 557 1813 A.
574 1755 600 1814 1.
615 1754 663 1824 59,
677 1773 791 1812 carrae
800 1757 847 1812 est
860 1752 990 1822 trahere,
1003 1771 1023 1810 a
1031 1758 1104 1825 rete,
1119 1753 1202 1830 qnod
1215 1754 1400 1814 verriculum
1412 1753 1521 1812 dicitur

328 1853 355 1910 1.
369 1849 533 1922 4711111
545 1850 653 1916 tracta,
664 1851 702 1904 ut
715 1845 847 1904 Plautus
857 1849 876 1876 “
886 1844 1040 1904 inveniam
1052 1845 1155 1904 omnia
1162 1865 1260 1918 versa,
1271 1847 1404 1924 sparsa.’'
1437 1847 1522 1906 Veni·

325 1949 430 2002 autem
443 1942 483 1999 ab
496 1960 531 1998 eo
545 1939 628 2014 qnod
641 1943 689 1996 est
700 1958 809 1996 aanor.
854 1937 896 1997 So
910 1936 1028 1996 Isidore
1048 1938 1095 1996 19.
1111 1938 1139 1997 5.
1153 1939 1182 1998 3.

368 2033 402 2091 Ρ.
424 2031 493 2104 421,
518 2031 624 2106 cupido
645 2035 676 2088 et
696 2049 779 2088 amor
798 2028 881 2088 idem
900 2028 1073 2104 significare
1092 2029 1247 2090 videntur.
1306 2030 1348 2091 111
1374 2029 1423 2110 (at
1433 2029 1465 2110 1)
1487 2051 1522 2090 es*

326 2126 496 2187 diversitas.
538 2122 654 2199 Cupido
675 2122 756 2182 enim
776 2121 1018 2180 inconsideratae
1035 2126 1083 2181 est
1102 2123 1303 2195 necessitatis,
1323 2145 1407 2183 amer
1419 2123 1522 2184 iudicii

327 2219 454 2277 Plautus
472 2215 695 2274 Bacchidibus:
731 2211 900 2289 “Cupidon
917 2217 1020 2272 tecum
1040 2214 1147 2286 saevit,
1166 2233 1247 2273 aune
1264 2213 1407 2275 amor”?
1448 2216 1522 2275 Iden

326 2312 359 2368 in
377 2308 561 2370 Curculione
583 2305 736 2377 discrevit,
751 2309 783 2363 et
800 2303 864 2362 vim
885 2302 1022 2363 eiusdem
1043 2305 1231 2365 diversitatis
1249 2307 1407 2384 expressit,
1422 2307 1522 2367 dicens

327 2404 418 2481 “quc
445 2401 554 2461 Venus
587 2399 769 2477 Cupidoque
795 2398 934 2477 imperat,
962 2397 1133 2477 suadetque
1157 2397 1283 2459 Amor.”
1328 2400 1478 2460 Afranius
1504 2402 1522 2459 ir

326 2494 444 2565 Omine,
460 2496 479 2523 ‘¹
488 2492 603 2553 amabit
616 2492 745 2568 sapiens,
760 2491 887 2567 cupient
900 2489 1022 2549 ceteri.”

367 2586 502 2655 Servius,
516 2584 553 2641 A.
567 2585 595 2642 4.
612 2583 669 2641 194
686 2581 837 2659 (Daniel),
851 2582 906 2639 has
920 2581 974 2640 the
989 2600 1071 2641 same
1084 2585 1157 2640 note
1175 2582 1237 2640 aud
1255 2582 1308 2642 the
1325 2602 1410 2643 same
1430 2589 1521 2661 quote

324 2681 422 2739 ticos:
445 2679 501 2737 but
514 2678 567 2735 the
580 2695 666 2735 verse
680 2674 712 2734 11
722 2674 872 2733 Afranius
885 2674 913 2733 is
927 2674 1041 2751 quoted
1056 2676 1142 2752 from
1155 2676 1203 2734 the
1215 2676 1336 2736 Neaera
1348 2697 1383 2736 as
1395 2678 1516 2739 follows

325 2778 343 2807 “
352 2774 431 2833 alius
444 2777 492 2831 est
505 2790 598 2842 amor,
613 2770 691 2828 alius
706 2767 844 2846 Cupido:
866 2772 972 2826 amant
984 2768 1146 2846 sapientes,
1160 2769 1285 2846 cupient
1298 2770 1422 2829 ceteri.’'

364 2864 457 2924 From
470 2864 523 2922 the
536 2861 708 2937 remaining
718 2860 815 2919 books
822 2859 856 2918 of
870 2858 990 2918 Nonius
1000 2858 1016 2915 Ι
1025 2864 1117 2937 quote
1126 2860 1181 2919 the
1190 2860 1349 2938 following
1362 2861 1519 2922 instanoes

369 2957 403 3015 P.
418 2956 486 3026 439,
500 2956 644 3013 amatore
665 2956 711 3013 est
731 2952 847 3028 fingere
870 2950 948 3009 scire
971 2970 1051 3027 quae
1068 2952 1193 3021 nescias,
1213 2952 1403 3011 dissimulare
1421 2954 1521 3031 finger

324 3048 442 3107 nescire
449 3066 526 3123 quae
535 3046 621 3104 scias.
646 3042 850 3104 Sallustiusin
862 3040 1012 3101 Catilinae
1021 3042 1107 3112 hello,
1123 3041 1520 3106 “cuiuslibetrcisimulato

324 3160 360 3199 ac
374 3136 609 3197 dissimulator.”

367 3229 502 3301 Servius,
536 3228 576 3286 A.
611 3227 639 3285 1.
672 3226 740 3297 516,
768 3226 991 3284 dissimulamus
1024 3230 1106 3297 nota,
1134 3227 1314 3286 simulamus
1335 3228 1467 3306 ignota;
1503 3250 1520 3287 n

327 3320 501 3389 Sallustius,
518 3323 535 3349 “
547 3318 706 3377 simulator
719 3337 755 3376 ac
769 3317 1005 3376 dissimulator.”

365 3412 400 3470 P.
424 3410 493 3482 470,
515 3410 642 3487 dipaavi
658 3428 712 3488 pro
731 3409 876 3486 <liquatae
895 3428 971 3465 sam.
1026 3408 1139 3468 Accius
1159 3408 1335 3487 Meleagro:
1365 3414 1520 3472 “remane

323 3503 423 3583 gloria
441 3503 521 3581 apud
550 3523 618 3562 me:
653 3502 778 3562 exuvias
795 3500 922 3578 dignari
940 3502 1105 3561 Atalantae
1121 3501 1223 3560 dare.’'
1275 3502 1432 3562 Pacuvius
1459 3504 1520 3564 He]

324 3595 444 3655 mione:
467 3599 484 3625 “
495 3614 588 3671 quom
601 3613 699 3670 neque
714 3613 761 3651 me
774 3591 910 3670 aspicere
922 3592 1064 3670 aequales
1078 3591 1243 3670 dignarent
1256 3594 1369 3653 meae.”

367 3686 501 3757 Servius,
521 3684 560 3743 A.
576 3685 623 3744 11.
639 3685 694 3744 169
709 3681 831 3761 (Dan),
844 3683 969 3760 diqaer:
991 3683 1044 3741 1111
1054 3683 1297 3761 (11911111181111,
1307 3685 1398 3744 iaxta
1409 3692 1518 3747 vetere

323 3778 362 3837 ab
375 3798 410 3836 eo
421 3776 502 3853 quod
510 3782 557 3836 est
566 3777 667 3853 dique.
709 3775 842 3835 Calvus:
865 3778 883 3804 ‘⁸
893 3774 974 3833 hunc
984 3779 1072 3834 tanto
1079 3794 1204 3835 munere
1215 3775 1339 3853 digna''
1381 3778 1519 3838 Pacuvii

324 3871 356 3929 in
371 3870 557 3929 Hermiona:
581 3871 599 3898 “
608 3888 701 3945 quom
712 3887 812 3945 neque
824 3886 873 3925 me
887 3867 1037 3945 inspicere
1055 3869 1197 3944 aequales
1211 3867 1403 3945 dignarent”
1457 3872 1519 3929 Hir

322 3963 388 4040 ipse
402 3962 568 4039 Vergilius,
584 3963 602 3993 ‘¹
613 3960 755 4037 coniugio
775 3958 913 4018 Anchisa
926 3959 1059 4017 Veneris
1078 3959 1203 4037 dignate
1224 3961 1385 4036 superbo.”
1430 3964 1519 4042 Comj

327 4054 414 4115 Serv.
430 4054 468 4113 A.
482 4055 510 4114 3.
532 4054 601 4115 475.

248 4128 253 4134 ’
365 4143 400 4203 Ρ.
421 4144 490 4216 481,
510 4144 610 4220 potior
631 4143 807 4211 1111111111,
830 4161 886 4219 pro
910 4142 967 4200 illa
987 4161 1019 4199 re
1035 4142 1144 4217 potior.
1191 4142 1352 4203 Terentius
1372 4143 1519 4223 Adelphi

324 4236 404 4295 “ille
423 4235 500 4295 alter
520 4236 584 4293 sine
603 4235 705 4293 labore
725 4234 825 4312 patria
844 4234 962 4310 potitur
986 4233 1175 4293 commoda.’'
1218 4234 1351 4309 Servius,
1366 4238 1408 4297 A.
1425 4239 1457 4297 3.
1474 4239 1518 4298 27

323 4333 431 4406 quotes
444 4328 497 4387 the
510 4346 592 4387 same
605 4328 706 4386 words
723 4327 805 4385 from
819 4327 952 4387 Terence
969 4326 1002 4385 in
1023 4327 1210 4387 illustration
1227 4328 1261 4389 of
1273 4331 1375 4405 potior
1390 4333 1474 4391 with
1492 4334 1518 4390 tl

323 4418 508 4480 accusative.
