3192 4950
328 343 494 413 VIRGIL
514 343 615 412 AND
637 343 716 412 HIS
738 344 804 412 AN
806 344 947 412 OIENT
969 343 1160 412 ORITIOS.
1298 341 1348 409 xli

134 521 314 596 Alcestim,”
327 521 382 583 dc.
405 523 530 583 Servius
541 519 654 602 (Dan.)
662 541 731 601 says
741 523 774 580 in
788 522 991 597 ashortnote,
1003 523 1189 602 “Euripides
1199 521 1348 582 Alcestim

134 615 204 674 Diti
223 620 378 674 sacratum
398 615 540 674 habuisse
560 614 676 673 crinem
697 614 782 687 dicit,
798 614 881 690 quod
900 619 992 692 poeta
1011 615 1172 673 transtulit
1192 613 1232 673 ad
1252 612 1347 672 Dido·

133 727 206 767 nem
216 733 223 766 z
235 707 253 732 ”
267 708 329 766 and
348 728 389 766 ou
403 706 481 765 Aen.
497 707 526 766 3.
539 707 588 778 46,
606 706 685 765 “sed
702 706 762 764 hoc
778 711 931 783 purgatur
949 704 1107 783 Euripidis
1126 706 1273 782 exemplo,
1293 705 1349 782 qui

133 799 174 857 de
187 797 306 858 Alcesti
319 798 377 857 hoo
391 798 478 868 dixit,
493 817 564 856 cum
578 797 696 856 subiret
709 797 810 855 fatum
823 796 954 855 mariti.”
976 796 1026 856 On
1037 795 1114 856 Aen.
1126 797 1154 855 9.
1164 795 1213 869 82,
1224 795 1348 856 Servius

132 910 204 969 says
226 891 260 950 oi
283 891 336 950 the
357 890 477 968 change
497 889 531 950 of
550 889 605 948 the
626 889 697 948 fleat
719 889 784 948 into
808 890 942 967 nymphe
964 890 1173 968 “figmentum
1196 889 1255 948 hoc
1274 890 1349 948 licet

133 981 290 1058 poeticum
309 981 359 1053 sit,
388 984 500 1050 tamen,
529 979 602 1057 quia
625 979 763 1055 exemplo
782 982 875 1050 caret,
894 983 1021 1038 notatur
1039 1000 1059 1038 a
1079 980 1204 1038 criticis.
1255 978 1347 1038 Unde

132 1072 227 1148 longo
247 1070 404 1149 prooemio
424 1069 617 1128 excusatur.”
657 1067 696 1126 In
716 1069 769 1128 the
790 1087 918 1146 passage
935 1069 1016 1126 from
1037 1068 1213 1127 Macrobius
1233 1069 1250 1127 I
1269 1069 1349 1128 have

131 1161 289 1220 italieiaed
306 1159 360 1219 the
373 1160 473 1220 words
486 1165 519 1216 ut
539 1159 574 1218 de
592 1179 680 1218 aureo
695 1179 786 1229 ramo,
802 1159 930 1218 because
946 1159 1020 1237 they
1037 1159 1127 1218 make
1146 1160 1173 1217 it
1192 1160 1347 1238 probable,

132 1254 150 1313 I
167 1254 268 1324 think,
282 1254 352 1313 that
370 1254 424 1313 the
445 1258 518 1313 note
536 1252 569 1312 oi
592 1251 720 1313 Servius
742 1274 784 1312 on
803 1253 880 1312 Aen.
896 1255 923 1314 3.
937 1253 986 1327 46,
1002 1254 1102 1312 which
1122 1253 1276 1313 mentions
1294 1254 1348 1312 the

132 1345 247 1423 goldeu
260 1344 365 1421 bongh
378 1345 412 1402 in
430 1343 483 1404 the
497 1362 579 1402 same
592 1343 702 1402 breath
714 1342 791 1402 with
806 1343 860 1402 the
880 1344 1004 1402 mission
1020 1342 1053 1401 of
1070 1343 1130 1402 Iris
1144 1349 1176 1403 to
1191 1343 1272 1403 Dido
1285 1343 1348 1402 and

131 1435 187 1495 the
201 1436 320 1513 change
333 1436 367 1495 oi
386 1436 472 1514 ships
485 1435 551 1494 into
564 1435 706 1514 nympha,
721 1436 748 1494 is
762 1453 802 1494 an
815 1435 1010 1513 abridgment
1023 1436 1104 1494 from
1118 1434 1282 1495 Cornutus.

175 1527 207 1585 It
221 1547 283 1586 was
296 1527 330 1586 ol
351 1547 459 1586 course
478 1527 602 1586 noticed
622 1527 692 1585 that
710 1526 814 1601 Virgil
834 1525 951 1586 altered
973 1527 1027 1586 the
1045 1531 1170 1586 current
1187 1526 1349 1585 traditione

133 1619 230 1678 about
244 1619 363 1678 Aeneas
375 1619 427 1679 for
439 1618 491 1678 the
505 1619 579 1678 sake
592 1618 625 1678 of
638 1620 770 1696 poetical
784 1618 891 1691 effeot;
910 1621 964 1679 the
978 1625 1039 1680 two
1052 1620 1136 1680 main
1149 1621 1302 1678 instanoes
1315 1619 1349 1677 oi

132 1710 198 1770 this
215 1711 308 1790 being
327 1711 381 1770 the
395 1711 517 1788 episode
531 1711 565 1770 oi
586 1711 667 1770 Dido
681 1710 714 1770 in
736 1710 790 1770 the
807 1710 914 1770 fourth
928 1710 1054 1784 Aeneid,
1068 1713 1130 1771 and
1150 1713 1205 1771 the
1217 1716 1349 1770 account

133 1803 169 1862 of
188 1803 242 1862 the
256 1802 349 1862 death
363 1802 396 1861 ol
416 1803 540 1861 Turnus
558 1803 591 1860 in
609 1803 662 1862 the
680 1803 814 1862 twelfth.
856 1803 1032 1863 Macrobius
1046 1805 1075 1888 5:
1091 1803 1139 1865 17.
1153 1804 1181 1874 4,
1197 1805 1299 1862 “bene
1315 1802 1349 1860 in

132 1913 201 1953 rem
225 1913 312 1952 suam
335 1895 429 1954 vertit
456 1895 605 1973 quicquid
630 1896 810 1972 ubicunqne
836 1895 957 1954 invenit
981 1896 1182 1967 imitandum
1212 1895 1289 1954 adeo
1312 1900 1349 1953 nt

133 1985 174 2043 de
197 1983 479 2062 Argonauticornm
503 1991 621 2062 quarto,
644 2005 775 2063 quornm
798 1985 931 2063 scriptor
953 1991 1002 2045 est
1024 1985 1214 2066 Apollonius,
1235 1987 1350 2046 librum

133 2072 289 2134 Aeneidos
316 2095 389 2134 ense
416 2081 562 2152 quartum
589 2079 690 2134 totum
718 2095 814 2153 paene
841 2076 1024 2135 formaverit
1050 2076 1090 2135 ad
1120 2077 1273 2136 Didonem
1298 2079 1350 2136 vel

133 2165 272 2240 Aenean,
282 2167 464 2226 amatorium
477 2168 729 2228 incontinentiam
740 2167 866 2228 Medeae
879 2169 962 2228 circa
976 2167 1115 2230 Iasonem
1128 2169 1348 2230 transferendo.

134 2257 226 2332 Quod
249 2259 295 2316 ita
314 2259 487 2336 elegantius
508 2265 633 2319 auctore
654 2260 791 2337 digessit,
814 2265 851 2319 nt
874 2261 981 2320 fabula
999 2261 1186 2321 lascivientis
1210 2261 1349 2331 Didonis,

133 2371 227 2429 quam
240 2353 351 2412 falsam
365 2353 451 2412 novit
467 2355 661 2426 universitas,
676 2373 732 2431 per
749 2358 797 2413 tot
811 2358 915 2413 tamen
931 2354 1051 2413 macula
1065 2355 1197 2432 speciem
1210 2354 1351 2414 veritatis

132 2444 301 2516 obtineat,’'
316 2443 370 2505 dac.
414 2445 539 2506 Servius
549 2443 660 2525 (Dan.)
674 2466 713 2505 on
723 2443 801 2505 Aen.
813 2447 841 2505 4.
853 2446 921 2518 459,
938 2449 1033 2505 “nam
1046 2446 1129 2524 qnod
1137 2447 1175 2505 de
1184 2446 1305 2506 Didone
1318 2453 1352 2506 et

133 2534 239 2593 Aenea
259 2534 374 2593 dicitnr
393 2537 508 2595 falsum
525 2543 582 2595 eet.
625 2537 757 2597 Constat
775 2538 857 2595 enim
871 2535 996 2596 Aenean
1012 2536 1149 2595 COOXL
1168 2537 1257 2595 annis
1277 2542 1350 2595 ante

133 2624 378 2683 aedificationem
394 2625 510 2685 Romae
529 2626 647 2685 venisse
665 2626 697 2683 in
718 2625 849 2700 Italiam,
864 2646 935 2685 cnm
949 2626 1111 2703 Karthago
1129 2646 1193 2684 non
1210 2626 1272 2688 nisi
1289 2626 1349 2683 ΧΙι

132 2717 222 2775 anuis
236 2723 310 2776 ante
323 2718 565 2778 aedificationem
586 2716 701 2777 Romae
717 2722 894 2777 constructa
906 2717 977 2777 sit.'’
1017 2716 1090 2775 And
1103 2717 1180 2776 with
1192 2719 1304 2795 regard
1316 2724 1350 2777 to

134 2811 269 2885 Turnus,
282 2812 409 2873 Servius
419 2834 458 2873 on
468 2812 546 2873 Aen.
558 2814 585 2873 9.
599 2813 665 2885 745,
676 2818 694 2845 “
704 2814 841 2892 plerique
851 2815 975 2873 sednon
986 2813 1089 2872 idonei
1098 2818 1350 2872 commentatores

133 2904 244 2964 dicunt
265 2906 298 2964 iu
313 2907 451 2967 hocloco
471 2907 606 2966 occisum
628 2906 775 2978 Turnum,
790 2907 844 2965 sed
865 2926 957 2966 musa
974 2905 1166 2966 oeconomiae
1183 2904 1313 2983 gloriam
1332 2924 1351 2964 a

133 2998 226 3071 poeta
250 2994 372 3054 Aeneae
395 3016 461 3055 esee
488 3000 650 3067 servatam,
671 2995 754 3073 quod
780 2996 894 3054 falsum
920 3000 974 3055 eet.
1026 2995 1107 3055 Nam
1134 2996 1159 3053 ei
1187 2996 1350 3055 veritatem

132 3086 283 3147 historiae
304 3088 450 3166 requiras,
474 3090 572 3165 primo
596 3089 709 3167 proelio
736 3089 940 3166 interemptus
963 3092 1011 3147 est
1038 3087 1181 3159 Iatinne;
1202 3087 1275 3146 inde
1293 3088 1350 3147 nbi

134 3178 259 3238 Turnus
291 3180 427 3240 Aeneam
457 3180 538 3239 vidit
569 3180 765 3259 superiorem,
794 3180 939 3239 Mezentii
972 3180 1149 3258 imploravit
1181 3179 1349 3251 auxilium3

132 3268 269 3328 secundo
289 3270 406 3348 proelio
427 3270 547 3329 Turnus
566 3271 684 3329 occisus
698 3275 754 3341 est,
770 3276 803 3330 et
820 3270 1019 3330 nihilominus
1033 3270 1153 3329 Aeneae
1168 3274 1273 3347 postea
1286 3290 1348 3329 non

132 3363 325 3440 comparuit3
349 3364 442 3422 tertio
465 3363 580 3441 proelio
605 3360 791 3423 Mezentium
815 3365 928 3423 occidit
951 3362 1111 3422 Ascanius.
1152 3364 1223 3423 Hoc
1240 3363 1350 3422 Livius

133 3452 211 3513 dicit
235 3458 268 3512 et
290 3453 367 3514 (lato
387 3454 419 3513 in
443 3453 655 3529 Originibus.’'
696 3454 740 3513 Το
754 3455 840 3513 these
853 3460 940 3514 notes
953 3474 1025 3528 may
1038 3455 1076 3513 be
1088 3455 1188 3514 added
1208 3457 1296 3513 those
1315 3454 1349 3513 of

134 3544 263 3605 Servius
276 3566 316 3604 on
330 3546 407 3605 Aen.
420 3546 466 3605 ll.
484 3547 541 3608 271
561 3547 656 3606 about
669 3546 722 3605 the
737 3546 820 3605 birds
833 3548 867 3606 ol
880 3546 1029 3606 Diomede
1037 3568 1047 3621 ;
1065 3550 1083 3579 “
1092 3548 1149 3607 hoc
1162 3549 1228 3607 loco
1241 3547 1350 3606 nullus

133 3635 258 3695 dubitat
284 3636 408 3695 fabulae
434 3635 527 3695 huius
554 3636 693 3695 ordinem
720 3656 739 3695 a
764 3636 906 3713 Vergilio
932 3656 997 3697 esse
1027 3658 1215 3697 conversum.
1266 3636 1348 3695 Nam

133 3728 294 3789 Diomedis
308 3730 406 3789 socios
419 3733 541 3789 constat
553 3729 586 3788 in
599 3749 671 3789 aree
684 3748 748 3789 ease
761 3748 924 3789 conversos
937 3736 1006 3807 post
1019 3732 1105 3790 ducis
1118 3731 1167 3789 eni
1179 3730 1347 3801 interitum,

133 3842 225 3898 quem
236 3820 409 3881 extinctum
418 3822 616 3900 impatienter
624 3821 767 3880 dolebant
776 3821 811 3892 ”3
826 3820 888 3879 and
896 3840 936 3878 on
946 3819 1022 3879 Aen.
1032 3822 1059 3879 6.
1070 3821 1128 3880 359
1137 3819 1347 3880 aboutVelia:

133 3920 151 3946 “
160 3933 235 3973 saue
248 3914 406 3973 sciendum
420 3914 542 3974 Veliam
556 3918 692 3991 tempore
710 3932 770 3990 quo
787 3912 905 3971 Aeneas
918 3912 958 3971 ad
978 3910 1099 3970 Italiam
1112 3912 1198 3971 venit
1210 3912 1348 3971 nondum

133 4006 238 4065 fuisse.
282 4005 366 4084 Ergo
379 4012 435 4065 ant
453 4007 634 4084 anticipatio
649 4011 705 4077 est,
720 4025 808 4082 quae,
823 4011 860 4064 ut
878 4005 1128 4083 supradiximus,
1143 4005 1171 4064 ei
1184 4025 1222 4064 ex
1240 4010 1349 4083 poetae

132 4116 264 4174 persona
278 4096 341 4168 fiat,
355 4097 524 4156 tolerabilis
538 4102 594 4167 est,
609 4097 636 4155 si
649 4100 753 4155 autem
766 4116 822 4173 per
834 4096 937 4167 alium,
952 4095 1151 4154 vitiosissima
1163 4094 1259 4155 eet.”⁷

168 4234 178 4262 a
195 4232 262 4283 This
279 4234 303 4283 ie
321 4249 356 4284 an
373 4235 539 4299 abridgmeut
555 4236 584 4286 ol
599 4236 723 4300 Hyginus
739 4251 780 4301 ap.
796 4235 864 4287 Gall.
875 4238 913 4287 10.
926 4238 965 4287 16.
998 4236 1040 4287 On
1056 4240 1079 4289 6.
1097 4239 1144 4287 122
1157 4236 1270 4289 Serviua’
1287 4242 1350 4291 note

133 4308 249 4359 reminds
267 4325 299 4359 us
319 4310 349 4359 ol
365 4310 490 4375 Hyginus
509 4312 544 4363 ib.
563 4313 577 4375 ξ
595 4315 649 4363 ll.:
673 4314 758 4379 “qaid
777 4315 884 4365 uem:
902 4314 998 4364 durum
1013 4315 1167 4379 exemplum.
1207 4314 1285 4365 Unde
1301 4330 1350 4364 neo

134 4382 287 4435 immoratus
305 4389 347 4437 eet
365 4385 394 4436 iu
412 4401 450 4437 eo.
484 4386 558 4437 Dicit
576 4391 664 4439 autem
683 4389 780 4439 inferos
799 4388 893 4440 debere
912 4392 1001 4452 patere
1020 4390 1123 4453 pietati,
1141 4390 1187 4455 qui
1207 4393 1351 4455 patuerunt
