3192 4950
339 377 457 444 lxxxiv
495 374 589 441 THE
610 373 819 442 ANOIENT
843 373 1219 442 COMMENTATORS
1241 374 1307 444 ΟΝ
1330 376 1488 444 VIRGIL.

383 557 501 618 Gellius
514 574 585 634 says
597 553 631 614 of
651 552 713 614 this
726 554 806 614 view
822 551 882 632 (18.
900 549 1098 629 5.12)‚“sed
1112 551 1219 611 eadem
1236 550 1306 629 ipsa
1319 557 1390 630 post
1405 554 1486 613 etiam
1502 556 1531 613 in

342 649 532 728 pervulgatis
555 646 781 706 commentariis
803 646 918 723 scripta
935 643 1149 703 offendimus.”
1189 643 1253 703 Are
1276 645 1364 704 these
1379 649 1533 725 percalcati

344 741 551 801 commentarii
573 740 804 798 commentarios
817 759 857 797 ou
870 738 984 814 Virgil,
999 757 1035 796 οι·
1048 737 1188 796 treatises
1198 756 1238 795 on
1250 738 1305 796 the
1318 758 1373 798 use
1386 739 1417 798 of
1429 739 1533 799 words?

343 833 382 892 In
396 834 494 893 either
507 851 576 890 caeo
588 832 651 890 this
664 830 832 890 discussion
846 849 887 889 on
904 830 957 887 tha
973 828 1060 887 word
1077 848 1165 905 eques
1182 833 1268 888 must
1287 830 1366 890 have
1384 832 1455 892 been
1473 851 1534 890 con-

342 927 497 1003 siderably
509 925 594 984 older
607 925 684 983 than
696 925 751 984 the
763 924 841 983 time
853 923 887 982 ol
909 921 1034 982 Gellius.

382 1022 417 1081 P.
444 1023 501 1081 109
525 1020 641 1098 [Flora
666 1019 800 1098 florida}
841 1020 977 1079 Naevius
1011 1018 1174 1097 Lycurgor
1205 1022 1270 1078 “ut
1292 1021 1410 1081 videam
1421 1023 1539 1082 Volcani

343 1113 418 1173 haec
432 1133 522 1191 opere
536 1113 667 1171 flammis
680 1113 757 1171 flora
769 1111 867 1169 fieri.’'

386 1205 471 1266 Serv.
499 1205 539 1264 A.
568 1205 614 1263 12.
644 1205 711 1276 605,
733 1205 831 1281 flavos
861 1203 995 1262 Lacinio
1023 1203 1127 1261 crines.
1182 1201 1322 1281 Antiqua
1351 1204 1439 1264 lectio
1455 1207 1540 1282 floron

343 1297 460 1369 habuit,
480 1297 513 1355 id
529 1301 576 1355 est
586 1295 772 1371 florulentas,
781 1297 944 1373 pulchros:
971 1298 1003 1353 et
1023 1298 1071 1352 est
1090 1314 1188 1355 sermo
1207 1295 1374 1358 Ennianus.
1415 1299 1474 1358 The
1487 1301 1540 1360 fol-

341 1393 457 1470 lowing
471 1393 571 1451 words
593 1411 644 1451 are
662 1391 762 1450 added
786 1391 819 1448 in
841 1391 977 1449 Daniel's
1001 1388 1145 1449 Servius:
1170 1389 1290 1450 Probus
1312 1394 1356 1451 sic
1378 1393 1541 1452 adnotavit:

344 1484 563 1543 “Nectericum
574 1487 639 1541 erat
646 1483 753 1559 flavos,
763 1501 836 1560 ergo
848 1483 922 1541 bene
928 1483 1030 1558 flores,
1040 1502 1112 1540 nam
1123 1484 1265 1560 sequitur
1273 1486 1317 1542 Et
1329 1506 1425 1544 roseos
1434 1488 1543 1544 laniato

343 1599 440 1656 genos.
482 1575 596 1634 Accius
608 1575 642 1632 in
657 1575 872 1648 Bacchidibus,
886 1595 959 1632 nam
964 1575 1040 1650 flori
1053 1576 1150 1633 crines
1161 1576 1250 1633 niden
1263 1583 1298 1634 ct
1306 1579 1432 1654 properi
1443 1579 1543 1636 iaceat.

342 1669 381 1727 Iu
401 1668 517 1740 iisdem,
538 1668 582 1724 nt
602 1669 710 1743 tamayo
727 1667 809 1742 flora
827 1685 908 1724 nnnc
930 1666 1050 1723 demam
1069 1666 1193 1744 inrigat.
1236 1665 1390 1727 Pacuvius
1409 1668 1544 1748 Antiopa,

345 1762 507 1824 Oerniccm
515 1761 610 1834 florae
623 1761 790 1837 diependa'te
805 1759 932 1818 crinea.”
1136 1834 1141 1840 Ι

385 1855 420 1913 Ρ.
447 1852 513 1923 114,
529 1852 619 1930 frons
642 1871 698 1929 pro
713 1853 856 1929 frondis.-
880 1850 1035 1928 Vergilius
1056 1849 1277 1927 Georgicorum
1301 1852 1353 1912 lib.
1376 1853 1417 1912 II.
1440 1857 1547 1931 “prae-

344 1945 434 2022 cipue
448 1964 518 2002 cum
527 1943 614 2002 frons
628 1948 733 2001 tenera
746 1942 984 2021 imprudensque
997 1943 1167 2002 laborum.”
1201 1943 1302 2003 Varro
1315 1944 1353 2004 de
1367 1945 1412 2004 Re
1426 1945 1550 2005 Rustica

344 2042 395 2100 lib.
412 2041 447 2111 1,
463 2039 573 2117 “quod
594 2038 670 2098 Cato
691 2039 743 2110 ait,
758 2039 874 2097 circum
894 2038 1028 2096 fundum
1049 2038 1148 2097 ulmos
1168 2043 1199 2098 et
1218 2040 1355 2117 populos,
1370 2041 1449 2098 unde
1467 2041 1550 2098 frons

343 2133 452 2194 ovibus
466 2137 497 2191 et
511 2132 611 2191 bubus
629 2131 670 2189 sit
680 2154 687 2189 ε
699 2131 716 2156 ”
730 2151 764 2189 so
778 2150 807 2207 p.
821 2129 891 2201 486,
906 2129 1037 2188 without
1049 2129 1102 2188 the
1115 2131 1254 2189 instance
1272 2131 1352 2190 fnom
1366 2131 1475 2190 Varro.

384 2223 517 2294 Servius,
534 2221 571 2281 G.
581 2223 608 2280 2.
621 2221 689 2294 372,
701 2221 791 2299 froas
803 2227 922 2279 tenera.-
937 2222 1062 2299 frondis
1075 2225 1123 2280 est
1135 2243 1209 2281 vera
1221 2223 1313 2281 lectio
1327 2225 1495 2300 etantiqua
1508 2223 1549 2299 (Ρ)

343 2311 558 2394 Lucretius(1.
574 2311 638 2391 19),
661 2312 934 2390 “frondiferasque
956 2313 1061 2370 domos
1074 2314 1209 2373 avium.''
1249 2313 1344 2392 Apud
1367 2317 1555 2393 antiquiores

343 2409 426 2468 enim
439 2406 603 2485 singularis
623 2406 831 2464 nominativus
845 2410 911 2464 erat
925 2408 1068 2485 frondis:
1090 2407 1180 2467 hodie
1193 2429 1265 2468 vero
1279 2413 1311 2466 et
1331 2428 1350 2467 a
1362 2409 1466 2488 fronte
1486 2415 1519 2467 et
1538 2430 1558 2467 a

337 2504 450 2583 fronde
468 2520 549 2561 unus
568 2505 614 2559 est
632 2500 842 2559 nominatious
854 2502 952 2580 froas,
974 2501 1057 2560 sicut
1076 2502 1168 2560 etiam
1189 2504 1251 2561 lens
1263 2487 1282 2561 a
1296 2504 1372 2561 teate
1386 2508 1418 2562 et
1430 2523 1450 2561 a
1463 2504 1557 2575 lenda

344 2594 454 2671 capitis
468 2594 607 2653 breviore
621 2592 771 2671 pediculo.

387 2684 469 2761 (The
482 2689 554 2743 note
568 2684 601 2741 in
617 2683 745 2744 Servius
759 2701 856 2741 seems
869 2688 1003 2759 corrupt.
1045 2684 1184 2744 Ribbeck
1198 2686 1303 2745 thinks
1315 2686 1440 2765 ‚fratis
1452 2686 1562 2745 stands

344 2775 720 2934 foqfqffiqqndulqime
738 2874 794 2933 pro
814 2855 1015 2933 indulgentia.
1060 2857 1190 2918 Sisenna
1207 2857 1417 2918 Historiarum
1430 2860 1485 2919 lib.
1500 2859 1562 2916 III.

347 2944 491 3005 “Bassus
503 2946 698 3017 adsiduitate,
713 2944 901 3021 indulgitate
915 2946 1046 3005 victus.’'

386 3036 598 3115 Philargyrius
621 3036 658 3095 G.
682 3036 709 3094 2.
733 3036 801 3107 345,
824 3042 856 3094 et
876 3058 955 3096 nove
978 3040 1171 3117 indulgentia
1191 3042 1279 3101 dixit.
1328 3042 1461 3102 Veteres
1480 3043 1562 3101 enim

345 3128 561 3205 iadclqitotem
573 3128 723 3201 dicebant,
734 3132 771 3186 ut
781 3126 902 3187 Caelius
915 3128 948 3186 in
957 3129 1024 3188 VII
1039 3135 1057 3163 “
1065 3134 1287 3193 consuetudine
1300 3134 1412 3206 uxoris,
1424 3133 1562 3211 indulgi·

347 3222 413 3277 tate
426 3219 584 3279 liberum.'’

388 3309 423 3367 P.
446 3310 512 3381 134,
531 3310 718 3381 latrocinari,
732 3310 865 3370 militare
884 3314 1034 3373 mercede.
1076 3315 1205 3374 Plautus
1227 3315 1439 3375 Corniculana
1463 3320 1482 3347 ‘⁴
1495 3316 1562 3394 [qut

347 3398 430 3477 regi]
445 3400 646 3459 latrocinatos
660 3419 755 3459 annos
769 3402 873 3460 decem
889 3400 1077 3484 [Demetrio]
1090 3406 1230 3466 Mercede
1242 3408 1259 3433 ”
1282 3452 1289 3465 .
1312 3452 1319 3465 .
1341 3452 1348 3464 .
1369 3409 1403 3466 in
1418 3408 1550 3466 Tiberio

347 3494 364 3523 “
377 3492 430 3569 qui
443 3492 526 3569 apud
540 3511 644 3568 regem
657 3492 690 3549 in
699 3491 859 3551 latrocinio
873 3493 968 3566 fuisti,
984 3500 1154 3557 mercedem
1167 3498 1387 3577 acceptitasti.’'
1430 3500 1562 3557 Ennius

347 3583 366 3614 “
375 3583 575 3661 fortunasque
590 3603 660 3642 suas
674 3604 797 3661 coepere
811 3584 943 3645 latrones
956 3588 1043 3648 Inter
1056 3611 1088 3650 se
1102 3592 1299 3651 memorare.”

389 3676 524 3749 Servius,
541 3676 579 3734 A.
595 3677 642 3736 12.
660 3673 685 3747 7,
700 3678 827 3736 latronis
849 3722 855 3735 .
879 3722 885 3735 .
908 3723 914 3735 .
937 3683 1027 3740 modo
1040 3686 1197 3755 venatoris,
1210 3690 1242 3743 et
1255 3688 1302 3743 est
1315 3683 1484 3756 Graecum,
1495 3704 1562 3742 nan

345 3766 492 3844 λατρεύειν
512 3767 619 3827 dicunt
645 3768 777 3844 obsequi.
803 3813 810 3825 .
833 3813 840 3825 .
863 3812 870 3826 .
891 3769 993 3829 Varro
1014 3778 1117 3833 tamen
1144 3775 1221 3834 dicit
1246 3775 1304 3834 hoc
1331 3795 1447 3835 nomen
1478 3796 1559 3852 poss

346 3856 459 3917 habere
492 3860 585 3918 etiam
618 3858 760 3917 Latinam
793 3862 1019 3941 etymologiam,
1047 3871 1085 3924 ut
1119 3868 1250 3925 latrones
1276 3867 1352 3926 dicti
1379 3866 1449 3925 sint
1479 3886 1562 3943 quas

347 3952 499 4025 lateranas,
527 3952 611 4030 qnod
631 3953 712 4012 circa
730 3952 830 4012 latera
850 3975 959 4032 regum
979 3964 1062 4016 sunt.
1085 4004 1092 4016 .
1116 4003 1123 4017 .
1145 3958 1217 4018 Una
1237 3965 1344 4019 tamen
1361 3960 1562 4037 significati<

347 4043 421 4103 licet
435 4044 467 4103 in
482 4046 601 4105 diversa
614 4045 807 4124 etymologia.
848 4046 977 4108 Plautus
996 4050 1029 4108 in
1050 4050 1284 4130 Pyrgopolinice
1305 4057 1411 4129 aperte
1427 4051 1562 4110 ostendi

347 4135 424 4213 quid
457 4136 521 4195 siut
561 4138 697 4207 latrones,
733 4136 838 4195 dicens
868 4141 886 4168 “
895 4159 950 4198 rex
987 4141 1132 4201 Seleucus
1166 4142 1253 4201 misit
1279 4143 1319 4200 ad
1345 4143 1562 4201 conducendo

347 4226 510 4299 latrones,'’
532 4226 585 4287 dac.

388 4318 574 4397 Oomparing
588 4318 651 4378 thie
664 4323 737 4378 note
749 4320 824 4377 with
837 4320 953 4379 thatin
966 4322 1084 4396 Festus,
1099 4346 1129 4404 p.
1145 4325 1213 4397 118,
1229 4326 1358 4384 latrones
1371 4344 1427 4383 eos
1443 4324 1562 4400 antiqu

347 4412 490 4475 dicebant
513 4414 567 4491 qui
589 4413 734 4473 conducti
758 4413 942 4486 militabant,
965 4416 1021 4476 ἀπὸ
1040 4419 1092 4493 τῆς
1114 4416 1255 4493 λατρείας,
1275 4424 1309 4477 at
1330 4436 1417 4476 nuuc
1444 4417 1562 4475 viarm
