3192 4950
278 352 421 421 lxxxviii
450 350 544 418 THE
566 347 775 417 ANCIENT
798 345 1175 416 COMMENTATORS
1198 346 1262 413 ΟΝ
1284 345 1454 413 VIRGIL.

279 528 440 608 quiescit.”
511 525 687 602 componere
717 525 885 603 disponere,
919 523 1123 583 constituere:
1155 523 1314 600 Vergilius
1342 520 1485 580 Aeneidos

278 623 331 681 lib.
346 620 405 678 III.
422 622 540 696 “quem
558 622 628 676 tuta
647 618 745 695 possis
766 617 873 675 urbem
892 635 1073 692 componere
1094 615 1205 675 terra.”
1246 615 1290 672 M.
1310 614 1428 672 Tullius
1450 615 1485 672 de

282 711 454 772 Officiis..
477 750 484 766 .
509 705 685 785 componere
720 727 827 766 rursus
863 707 1017 783 significat
1049 726 1235 783 comparare.
1288 705 1485 765 Accius...

281 803 447 861 Lucilius.
469 843 477 858 .
499 843 506 859 .
530 799 725 860 Sallustius.
748 843 756 858 .
778 841 786 858 .
808 798 967 876 Vergilius
988 796 1210 875 Georgicorum
1237 799 1291 857 lib.
1318 797 1374 856 IV.
1405 800 1487 854 “non

281 894 379 966 aliter,
393 895 420 952 si
435 913 531 971 parva
548 893 621 950 licet
638 911 819 969 componere
838 891 959 967 maguis
970 890 988 915 '’
1010 933 1019 947 .
1040 932 1049 949 .
1070 931 1079 948 .
1103 886 1279 967 Gompoacre
1299 890 1486 966 coniungere.

282 985 442 1062 Vergilius
454 985 506 1044 lib.
516 983 608 1044 VIII.
621 985 829 1062 “componens
842 983 1047 1059 manibusque
1061 1002 1171 1042 manus
1184 987 1279 1060 atque
1292 983 1396 1042 oribus
1408 982 1487 1041 ora.''

284 1077 453 1136 Lucilius.
475 1117 483 1134 .
505 1118 514 1135 .
536 1073 716 1134 Sallustius.

327 1169 462 1240 Servius,
476 1168 516 1228 Α.
540 1170 569 1228 1.
591 1167 659 1241 374,
682 1175 833 1246 componet
860 1168 954 1241 finiet,
976 1173 1013 1226 ut
1038 1167 1170 1226 “oblate
1194 1166 1333 1243 gaudens
1353 1166 1491 1243 componi

283 1263 406 1323 foedere
427 1260 571 1322 bellum.”
612 1259 676 1319 The
701 1259 803 1320 Caesel
825 1260 896 1321 MS.
914 1261 1001 1334 adds,
1017 1265 1049 1320 et
1072 1263 1161 1319 “non
1174 1265 1316 1319 nostrum
1335 1260 1416 1318 inter
1440 1279 1491 1318 vos

282 1360 384 1414 tantas
411 1373 590 1432 componere
616 1352 717 1412 lites.’'
770 1352 857 1413 Alibi
876 1373 933 1431 pro
960 1355 1122 1429 disponere,
1146 1360 1183 1412 ut
1210 1357 1294 1413 “nec
1314 1372 1491 1431 componere

284 1467 356 1525 opes
370 1445 509 1518 norant,”
523 1445 597 1504 alibi
610 1464 666 1522 pro
681 1443 913 1521 obstreperent
928 1448 1139 1523 “componens
1151 1447 1350 1522 manibusque
1359 1445 1492 1513 manus,'’

284 1539 357 1598 alibi
370 1559 426 1616 pro
441 1557 619 1615 conparare,
636 1540 674 1594 ut
696 1536 768 1594 “sic
787 1537 892 1614 parvis
914 1555 1094 1615 componere
1113 1557 1226 1615 magua
1245 1535 1404 1608 solebam,”
1424 1535 1495 1594 alibi

286 1655 341 1714 pro
349 1635 493 1712 ssmdcre,
508 1638 546 1692 ut
560 1636 579 1663 “
588 1629 709 1710 placida
721 1637 898 1710 compostus
913 1632 1017 1714 pace.”

327 1728 363 1786 P.
384 1725 453 1797 261,
475 1724 666 1801 circumferre
685 1722 829 1782 lustrare.
870 1723 1001 1782 Plautus
1021 1723 1055 1781 in
1077 1720 1314 1801 Amphitruone,
1336 1719 1440 1797 “quin
1460 1724 1496 1776 tu

287 1819 386 1878 istanc
399 1819 470 1878 iube
485 1815 545 1875 Pro
560 1815 674 1874 cerrita
687 1815 912 1874 circumferri.”
1365 1820 1368 1826 '

332 1908 465 1980 Servius,
480 1906 520 1966 A.
539 1907 567 1967 6.
588 1905 656 1979 229,
680 1907 876 1976 circumtulit,
897 1905 1054 1985 purgavit.
1093 1905 1270 1982 Antiquom
1288 1906 1417 1965 verbum
1436 1911 1496 1975 est;

288 2002 435 2060 Plautus:
453 2002 534 2079 “pro
548 1999 665 2058 larvato
679 2003 710 2056 te
724 1998 967 2058 circumferam.'’
1001 1999 1083 2058 Nam
1093 1998 1259 2057 lustratica
1271 1997 1500 2056 circumlatione

288 2094 371 2153 dicta
383 2098 430 2152 est
442 2091 491 2151 vel
504 2091 611 2150 taedae
624 2089 673 2149 vel
687 2090 832 2169 sulpuris.
873 2088 1036 2164 Iuvenalis,
1053 2092 1071 2120 “
1082 2089 1108 2148 si
1122 2109 1183 2167 qua
1202 2089 1350 2146 dureutm
1366 2088 1501 2165 Sulpura

289 2207 361 2247 cum
374 2182 500 2244 taedis.”

330 2277 365 2336 P.
379 2277 449 2349 261,
461 2271 639 2349 confidentia
660 2315 668 2332 .
689 2315 698 2331 .
719 2313 727 2330 .
748 2273 914 2344 temeritas,
929 2274 1067 2333 audacia.
1108 2273 1270 2332 Lucilius.
1290 2313 1299 2331 .
1316 2316 1324 2333 .
1344 2271 1502 2350 Turpilius

292 2413 299 2429 .
322 2414 329 2428 .
352 2414 358 2429 .
378 2367 490 2428 Accius
511 2406 519 2423 .
541 2406 549 2423 .
571 2363 743 2425 ,Afranius
762 2409 769 2421 .
788 2407 796 2422 .
816 2365 999 2442 .Vergilius
1013 2366 1237 2445 Georgicorum
1250 2365 1302 2424 lib.
1319 2364 1376 2424 IV.
1393 2365 1502 2423 “Nam

292 2463 360 2541 quis
373 2465 414 2535 ts,
424 2459 572 2518 iuvenum
582 2455 848 2530 confidentissime,
859 2461 979 2517 nostras
993 2457 1090 2518 Iussit
1099 2458 1185 2517 adire
1198 2459 1303 2519 domos
1312 2455 1327 2517 1)
1337 2456 1355 2483 ”
1390 2457 1501 2517 Tereu-

290 2556 355 2613 tins
368 2554 401 2611 iu
414 2550 534 2611 Andria
548 2548 746 2626 “nescioqui
760 2568 853 2608 senex
866 2550 951 2608 venit
964 2550 1055 2610 modo
1077 2596 1084 2609 .
1106 2593 1114 2609 .
1138 2594 1145 2608 .
1167 2551 1330 2622 confidens,
1345 2550 1463 2609 catus.’'

332 2641 552 2721 Philargyrius,
564 2639 601 2699 G.
612 2640 641 2698 4.
651 2640 720 2711 445,
733 2640 976 2716 confidentissime
987 2662 1043 2718 pro
1052 2643 1258 2701 audacissime.
1288 2640 1504 2717 Confidentiom

292 2739 376 2799 enim
398 2740 514 2796 veteres
537 2753 593 2810 pro
616 2732 788 2809 impudenti
810 2733 938 2792 audacia
959 2731 1110 2804 dicebant,
1133 2740 1173 2793 nt
1199 2734 1362 2793 Terentius
1388 2730 1504 2812 (Andr.

293 2831 322 2891 5.
338 2829 365 2888 3.
381 2826 415 2906 5)
431 2824 486 2885 “Ο
501 2826 657 2903 ingentem
670 2824 915 2883 confidentiam.'’

335 2922 371 2980 P.
392 2918 460 2990 266,
479 2935 634 2993 capescere,
651 2914 784 2993 recipere
807 2916 977 2992 (capessere
993 2938 1031 2990 se,
1051 2938 1081 2976 cc
1098 2916 1280 2996 reciperel).
1321 2914 1453 2977 Plautus
1473 2919 1508 2976 in

295 3012 528 3090 Amphitruone,
549 3010 659 3065 “nnuc
679 3025 805 3084 pergam
825 3008 869 3065 eri
885 3008 1049 3086 imperium
1069 3010 1235 3087 exsequier,
1257 3014 1357 3068 etms
1380 3010 1509 3069 domum

296 3101 480 3183 capessere.”

338 3192 465 3255 Servius
479 3187 632 3269 (Daniel),
647 3188 683 3249 A.
697 3191 728 3249 4.
743 3190 812 3262 346,
834 3191 958 3268 qnidam
980 3212 1128 3269 capescere
1141 3212 1198 3271 pro
1220 3194 1266 3252 ire
1289 3194 1454 3274 accipiunt,
1473 3200 1510 3253 ut

297 3286 430 3347 Titinius
445 3282 586 3341 “Lucius
600 3283 727 3341 domum
739 3301 771 3341 se
785 3282 945 3359 capessit.”

338 3377 520 3453 Nouius,·p.
534 3370 602 3442 277,
617 3374 760 3432 decertare
782 3378 815 3431 et
839 3375 1032 3433 ccedcmsecre
1055 3395 1112 3453 pro
1134 3376 1262 3435 liberare
1285 3376 1421 3453 positum
1443 3384 1512 3444 est:

299 3468 433 3529 Titinius
453 3508 460 3524 .
481 3508 488 3522 .
511 3507 518 3521 .
539 3462 697 3539 Vergilius
715 3464 768 3522 lib.
782 3462 858 3521 XII.
878 3465 998 3539 “quem
1018 3465 1142 3523 damnet
1159 3466 1253 3537 labor,
1270 3471 1303 3524 et
1321 3486 1381 3543 quo
1400 3476 1514 3544 vergat

298 3561 431 3640 pondere
444 3553 569 3615 letum.”
612 3554 767 3633 Turpilius
789 3596 797 3613 .
818 3596 827 3613 .
849 3596 858 3613 .
886 3554 1257 3633 VergilinsinBucolicis
1272 3558 1461 3617 “damnabis
1475 3567 1513 3617 tu

299 3669 421 3731 quoqne
434 3646 544 3707 votis.”
587 3644 724 3705 Sisenna.

342 3740 476 3809 Servius,
490 3736 528 3795 A.
543 3738 591 3796 12.
605 3735 671 3809 727,
686 3737 815 3811 damnet,
828 3738 945 3808 liberet,
956 3741 993 3797 ut
1007 3737 1192 3798 “damnabis
1211 3745 1250 3797 tu
1262 3760 1386 3819 quoque
1399 3744 1514 3801 rotis.'’

341 3835 377 3893 P.
402 3830 469 3903 278,
495 3830 545 3902 cta,
567 3829 626 3887 dic.
688 3827 850 3906 Vergilius
871 3828 904 3887 in
926 3828 1087 3901 Bucolicis,
1112 3830 1205 3889 “Sed
1227 3838 1332 3890 tamen
1355 3833 1414 3893 iste
1437 3835 1517 3893 deus

300 3930 355 4009 qui
377 3927 427 3998 sit,
456 3924 504 3995 da,
533 3923 645 4001 Tityre,
672 3922 789 3981 nobis.”
844 3922 948 3981 Etiam
966 3922 1020 3981 lib.
1041 3920 1098 3982 VI.
1125 3924 1249 4000 “tuque
1270 3924 1297 3984 0
1319 3928 1519 3987 sanctissima

300 4026 394 4093 vates,
410 4014 553 4077 Praescia
567 4012 700 4083 venturi,
716 4012 764 4085 da,
779 4034 842 4074 neu
856 4014 994 4074 indebita
1006 4014 1128 4091 posco.’'

343 4110 477 4181 Servius,
487 4105 524 4163 A.
539 4106 568 4164 I.
578 4104 645 4178 676,
657 4104 759 4181 accipe
772 4106 853 4177 audi,
864 4110 901 4165 ut
913 4111 1022 4164 contra
1031 4104 1072 4162 dc
1086 4104 1151 4177 dic;
1165 4112 1203 4164 ut
1215 4110 1232 4137 “
1242 4107 1288 4179 de,
1300 4128 1363 4167 nou
1376 4108 1521 4170 indebita

299 4224 392 4285 posco
402 4202 420 4229 ”
434 4206 466 4261 et
486 4198 559 4269 “da,
575 4196 690 4275 Tityre,
704 4196 822 4257 nobis.''
864 4196 971 4276 Oomp.
986 4197 1073 4258 Serv.
1089 4196 1199 4278 (Dan.)
1213 4220 1252 4259 ou
1265 4200 1304 4258 A.
1320 4200 1348 4259 3.
1362 4200 1411 4276 85,
1427 4203 1521 4264 Serv.

298 4320 341 4360 on
353 4296 391 4356 A.
406 4296 434 4355 6.
448 4294 497 4366 66,
512 4292 548 4351 II.
562 4292 591 4350 1.
605 4292 654 4351 19.

342 4390 377 4449 P.
398 4386 466 4461 298,
487 4386 609 4463 ccplere,
630 4383 776 4443 minuere.
831 4384 993 4462 Vergilius
1018 4385 1071 4446 lib.
1091 4384 1150 4446 VI.
1173 4384 1363 4459 “discedam,
1384 4363 1522 4467 explebo

301 4501 473 4554 numerum,
487 4478 657 4554 reddarque
669 4476 836 4578 tenebris.''
