3192 4950
227 386 321 454 THE
344 387 553 457 ANCIENT
575 388 955 461 COMMENTATORS
978 392 1042 462 ΟΝ
1064 393 1237 466 VIRGIL.
1273 401 1393 469 lmiii

178 563 281 623 isdem
300 571 394 623 arcete
415 572 482 624 esto.
524 565 565 624 Et
589 566 725 645 intellegi
746 567 838 627 debet
857 569 897 627 ab
916 589 952 628 ao
972 571 1056 648 quod
1076 578 1123 633 est
1144 573 1279 648 movit,
1293 576 1326 636 id
1346 582 1393 637 est

181 657 280 727 crescit,
295 663 326 715 et
340 659 484 730 adultam,
500 660 582 736 qnod
597 666 786 732 astanetum,
802 662 855 720 doc.
890 661 1068 725 Illustrated
1084 665 1126 745 by
1145 667 1218 726 four
1236 669 1392 731 instances

179 747 262 807 from
276 748 387 827 Virgil.

224 835 310 896 Serv.
321 838 358 897 A.
375 840 402 898 l.
420 837 485 911 704,
500 842 616 902 odolen
629 843 749 921 proprie
764 847 812 902 est
825 863 941 920 cuqere.

223 929 257 988 P.
272 930 319 1002 62,
348 933 485 990 monum
511 953 632 1012 qnoque
659 935 830 1012 proprietas
852 935 1006 1009 11000001,
1031 940 1114 1016 quod
1140 941 1225 1019 ligna
1244 943 1392 1004 militibus

180 1020 434 1082 subministrent:
467 1025 542 1082 κᾶλα
562 1024 644 1084 enim
666 1023 776 1085 Graeci
796 1025 881 1102 liqna
902 1027 1020 1100 dicunt,
1043 1035 1080 1089 ut
1107 1029 1270 1106 Homerus,
1294 1031 1392 1095 0111

181 1109 256 1179 ξύλα
269 1108 333 1170 κᾶλ’
347 1111 487 1172 ἐπέθεντο.

222 1202 358 1274 Servius,
372 1203 411 1262 A.
427 1205 455 1264 1.
470 1205 517 1276 39,
533 1205 594 1264 and
616 1226 699 1266 more
718 1205 800 1286 fully
821 1208 990 1280 6.1,culcs
1011 1253 1019 1268 .
1042 1256 1049 1270 .
1072 1255 1079 1270 .
1101 1211 1246 1273 dicebant
1259 1217 1388 1278 maiores

180 1295 279 1354 nostri
303 1296 401 1356 fustes
424 1317 501 1374 quos
522 1299 687 1376 portabant
710 1300 791 1358 servi
811 1306 973 1376 sequentes
996 1302 1137 1363 dominos
1160 1305 1200 1365 ad
1221 1308 1387 1384 proelium:

179 1387 262 1446 unde
274 1387 368 1446 etiam
381 1389 497 1446 aulones
515 1389 704 1448 dicebantur.
745 1389 828 1450 Nam
847 1393 1036 1453 consuetudo
1058 1401 1124 1454 erat
1137 1396 1245 1458 militis
1258 1398 1390 1460 Romani

179 1484 216 1538 ut
229 1479 295 1556 ipse
309 1480 367 1538 sihi
388 1500 473 1539 arma
493 1487 630 1558 portaret
654 1489 685 1542 et
708 1483 844 1542 vallum:
865 1486 979 1544 callim
999 1493 1104 1547 autem
1129 1489 1271 1550 dicebant
1284 1495 1389 1566 echon,

177 1573 261 1632 siout
273 1573 410 1634 Lucilius
427 1577 445 1604 ‘⁶
454 1573 566 1634 Scinde
580 1575 676 1634 calam
690 1580 728 1634 ut
740 1577 868 1636 calcas.'’

222 1666 257 1723 P.
272 1664 320 1735 66,
334 1685 458 1724 martam
471 1666 586 1725 dicitnr
613 1667 740 1738 clarum,
760 1665 813 1726 deo.
856 1666 1005 1747 Compare
1025 1674 1181 1753 generally
1204 1673 1291 1736 Serv.
1305 1676 1344 1735 A.
1360 1677 1389 1736 1.

181 1758 343 1830 110,139;
369 1759 396 1816 2.
420 1758 495 1818 268:
520 1757 558 1818 G.
583 1760 610 1818 1.
632 1760 701 1819 437.
744 1760 843 1820 These
868 1767 956 1822 notes
976 1783 1049 1842 may
1067 1766 1106 1824 he
1127 1765 1226 1827 either
1246 1769 1388 1848 indepen-

180 1851 264 1924 dent,
278 1871 313 1910 or
327 1851 405 1911 have
419 1851 582 1930 originally
597 1853 785 1912 constituted
799 1859 885 1932 parts
899 1855 932 1914 ot
945 1855 999 1915 the
1012 1875 1096 1918 same
1108 1863 1190 1918 nota.

600 2054 774 2128 NONIUS,
796 2057 916 2117 BOOK
935 2058 977 2116 11.

220 2188 255 2246 P.
270 2187 316 2260 79,
328 2188 465 2264 bipennis
475 2186 674 2246 manifestum
684 2191 731 2248 est
744 2187 806 2246 dici
821 2189 899 2264 quod
909 2209 944 2246 ea
956 2195 1085 2267 utruque
1092 2199 1183 2269 parte
1196 2193 1237 2252 sit
1250 2202 1388 2254 acutam:

176 2303 250 2341 nam
268 2283 408 2341 nonnulli
428 2282 704 2360 gubernaculorum
717 2285 820 2359 partes
834 2282 987 2341 tenuiores
1007 2285 1047 2343 ad
1067 2284 1147 2344 hano
1159 2287 1390 2348 similitudinem

172 2375 289 2452 pinnas
302 2378 414 2433 vocant
428 2374 592 2452 eleganter.
634 2373 721 2432 Thon
734 2373 838 2432 follow
852 2373 940 2432 three
954 2376 1131 2452 quotations
1144 2377 1225 2437 from
1237 2377 1347 2438 Varro.

221 2467 345 2527 Scholia
356 2465 472 2527 Veron.
487 2466 526 2525 A.
541 2467 569 2525 2.
592 2463 661 2535 479,
681 2471 815 2543 correpta
837 2466 916 2525 dura
940 2467 1071 2545 tuberoni.
1093 2515 1101 2529 .
1125 2514 1132 2529 .
1152 2476 1280 2531 acutum
1300 2494 1389 2533 voca·

176 2564 261 2632 runt,
275 2561 356 2621 unde
370 2566 403 2621 et
415 2559 555 2638 bipennis
569 2559 684 2617 dicitur
697 2580 731 2617 ea
746 2564 968 2637 utraquepcrte
983 2568 1081 2621 cocta.

222 2650 357 2723 Servius,
372 2650 411 2709 A.
430 2651 477 2709 11.
492 2649 550 2709 651
568 2646 689 2729 (Dan),
706 2650 843 2726 bohemis
854 2656 959 2710 autem
973 2652 1088 2711 dicitur
1103 2654 1186 2732 qnod
1203 2674 1240 2713 sx
1259 2661 1389 2733 utraque

176 2750 265 2823 parte
277 2746 372 2804 habet
384 2745 490 2815 aciem,
505 2744 591 2821 quasi
606 2744 682 2803 dnas
696 2744 806 2821 pinnas
820 2763 896 2820 quas
910 2748 1029 2805 veteres
1044 2746 1193 2807 dicebant.

219 2836 254 2894 P.
277 2838 346 2909 103,
369 2837 554 2896 errabundus
575 2855 631 2915 pro
654 2855 765 2894 mans.
806 2834 967 2912 Vergilius
988 2836 1084 2914 (Bne.
1110 2838 1141 2897 6.
1163 2835 1228 2916 57),
1251 2838 1389 2917 “siqua

175 2930 258 2989 forte
290 2929 394 2988 ferant
420 2930 517 2989 oculis
544 2948 609 2987 sese
642 2928 733 2988 obsis
762 2927 876 2987 nostris
906 2926 1088 2989 Errabunda
1115 2930 1202 2989 110111
1228 2931 1388 3009 vestigia”

176 3020 295 3082 Gellius
322 3021 368 3080 11.
389 3022 428 3081 15
454 3040 523 3099 says
548 3020 616 3079 that
641 3020 704 3079 this
731 3038 792 3077 was
813 3039 833 3078 a
856 3018 988 3079 mistalre
1015 3020 1048 3079 of
1076 3020 1241 3082 Caesellius
1263 3022 1389 3082 Vindex

176 3112 288 3191 (under
302 3112 423 3191 Trajan,
436 3110 600 3187 96-117).
643 3110 708 3171 ‘l'he
722 3114 792 3169 note
806 3129 933 3188 appears
943 3116 975 3171 to
990 3112 1027 3172 be
1042 3112 1205 3189 preserved
1218 3114 1251 3171 in
1263 3133 1283 3173 a
1295 3113 1388 3173 fuller

174 3206 257 3265 form
279 3204 321 3283 by
344 3202 470 3264 Servius
492 3200 604 3279 (Dan.)
623 3202 643 3261 l.
662 3222 687 3261 c.
711 3247 718 3259 .
741 3246 747 3259 .
771 3247 777 3261 .
799 3203 978 3275 malianda,
993 3204 1135 3276 errantia,
1150 3209 1188 3264 nt
1202 3204 1389 3265 ludibundus

174 3296 302 3356 ludens:
326 3295 449 3366 Cicero;
471 3294 601 3355 “omnia
620 3292 810 3352 ludibundus
830 3294 1022 3353 conficiens.”
1063 3294 1168 3375 Comp.
1187 3294 1303 3357 Gellius
1321 3298 1343 3357 l.
1359 3317 1386 3356 c.

174 3388 261 3466 qnod
281 3386 361 3445 idem
386 3382 578 3463 (Caesellius)
606 3404 672 3444 esse
687 3384 844 3464 putaverit
865 3386 971 3443 ludens
988 3390 1021 3444 et
1042 3386 1220 3459 ludibunda,
1237 3388 1339 3447 ridens
1355 3393 1388 3447 01

173 3478 352 3537 ridebundo.

216 3570 252 3629 P.
269 3568 336 3641 106,
351 3570 482 3647 equitem
495 3588 550 3646 pro
571 3586 657 3645 equo.
697 3566 856 3645 Vergilius
876 3564 1095 3644 Georgicorum
1115 3568 1167 3629 lib.
1183 3568 1242 3628 111.
1265 3572 1386 3649 “atque

172 3660 311 3739 equitem
326 3660 456 3718 docuere
469 3658 527 3717 suh
545 3657 639 3715 armis
653 3656 806 3715 Insultare
823 3655 886 3715 solo
904 3660 937 3715 et
954 3676 1078 3735 gressus
1094 3658 1262 3735 glomerare
1279 3678 1385 3737 super-

172 3748 260 3808 bos.”
316 3748 435 3806 Ennius
459 3745 629 3806 Annalium
653 3746 705 3805 lib.
727 3745 803 3804 VII.
826 3749 895 3803 “an
920 3766 982 3805 non
1005 3747 1217 3825 quadrupedes
1237 3746 1386 3827 equites.’'

171 3838 313 3898 Iruoilins
335 3838 361 3896 is
382 3838 457 3896 then
477 3836 591 3915 quoted
611 3857 651 3895 on
669 3836 722 3895 the
736 3836 821 3895 word
839 3836 984 3911 equitare.
1025 3834 1102 3896 Gell.
1126 3836 1172 3896 18.
1191 3838 1219 3898 5.
1237 3839 1258 3898 4
1276 3844 1386 3917 quotes

171 3930 255 3991 from
279 3930 400 3989 Ennius
424 3928 585 4005 “deniqne
607 3928 639 3987 vi
663 3947 776 4005 magna
802 3926 976 4006 quadrupes
1002 3947 1095 4006 eques
1116 3933 1210 4007 atque
1231 3930 1387 4010 elephanti

170 4018 335 4079 Proiciunt
353 4018 448 4089 sese‚”
468 4018 530 4076 and
548 4020 655 4095 quotes
673 4018 706 4074 in
726 4016 913 4076 illustration
934 4018 987 4076 tbe
1014 4038 1140 4097 passage
1167 4020 1199 4077 in
1222 4020 1275 4080 the
1300 4021 1386 4081 third

172 4108 316 4187 Georgia,
332 4109 393 4167 and
407 4108 470 4166 also
485 4106 552 4165 that
566 4107 598 4164 in
612 4106 760 4165 Lucilius.

212 4200 427 4278 Philargyrius
442 4196 478 4257 G.
494 4198 522 4257 3.
538 4198 616 4257 116:
638 4198 688 4257 hic
703 4199 833 4274 equitem
845 4196 911 4255 sine
926 4197 1019 4256 dubio
1032 4218 1142 4276 equam
1155 4200 1240 4273 dicit,
1254 4203 1386 4263 maxime

168 4310 242 4351 cnm
256 4292 371 4351 inierat
384 4292 532 4350 insultare
545 4292 614 4349 solo.
657 4288 774 4347 Ennius
789 4289 957 4347 Annalium
972 4289 1046 4349 VII.
1062 4292 1218 4371 “denique
1230 4294 1262 4352 vi
1276 4314 1387 4372 magna

168 4382 350 4461 quadrupes
373 4402 466 4461 eques
489 4386 581 4459 atque
603 4382 758 4459 elephanti
781 4380 941 4440 Proiciunt
964 4382 1058 4441 sese.''
1101 4384 1228 4445 Servius
1255 4386 1311 4445 has
1333 4386 1387 4446 the

168 4492 255 4532 sams
269 4480 344 4533 note
355 4474 390 4532 in
402 4492 443 4532 an
456 4471 607 4551 abridgsd
620 4472 708 4531 form.
