3192 4950
240 339 333 406 THE
355 338 563 407 ANOIENT
586 339 962 410 COMMENTATORS
984 341 1048 410 ΟΝ
1071 342 1245 412 VIRGIL.
1275 345 1406 414 lxxxvii

192 517 266 576 “ibi
280 518 400 576 scrobes
418 516 517 576 fodito
530 536 696 594 sexagenos
709 515 743 574 in
757 515 851 576 diee.”
890 515 978 576 Idem
991 514 1161 590 Aulularia,
1177 521 1262 596 “ego
1280 517 1403 578 effodie-

191 609 264 668 bam
278 607 372 668 denos
384 608 418 666 in
432 609 495 667 dies
509 607 661 668 scrobes.”

232 700 372 759 Priscian
387 701 414 759 1.
429 720 458 778 p.
474 699 531 758 168
545 705 653 778 quotes
675 701 729 761 the
742 719 827 760 same
847 719 990 778 passages
1012 700 1094 760 from
1107 700 1251 760 Plautus:
1276 699 1401 761 Servius

191 811 234 850 cn
249 791 286 852 G.
303 793 330 852 2.
346 793 385 852 50
402 813 481 872 says,
496 813 551 854 nos
565 796 678 853 scrobes
698 813 811 872 genere
825 793 954 852 dicimus
976 795 1153 867 masculino,
1169 793 1241 852 licet
1262 793 1404 854 Lucanus

192 883 303 943 dixerit
324 890 433 944 contra
450 891 548 944 artem
567 887 676 962 001900
689 887 793 962 posuit
811 885 920 943 scrobe.
960 885 1035 943 And
1055 905 1095 944 ou
1113 885 1151 944 G.
1166 886 1194 944 2.
1210 883 1278 958 288,
1292 887 1403 944 scruta

190 979 352 1038 masculini
375 984 449 1039 sunt
470 980 599 1056 generis.
648 979 730 1038 Nam
757 977 864 1038 Cicero
888 978 922 1036 in
949 976 1160 1037 Oeconomicis
1182 979 1225 1038 sic
1247 979 1343 1038 dicit:
1372 983 1404 1038 01

191 1069 582 1149 Plautusaitsecapeuosia
596 1072 658 1130 dies
668 1072 787 1131 scrobes.
818 1070 922 1130 Minor
930 1075 1034 1130 autem
1044 1075 1093 1130 eet
1104 1069 1220 1138 Lucani
1229 1076 1262 1133 et
1272 1069 1404 1130 Gracchi

189 1163 368 1222 0001001100.
409 1163 490 1222 Nam
504 1163 647 1222 Imcauus
661 1164 706 1222 ait
719 1163 941 1240 cuiqauposait
956 1164 1063 1221 scrobe.
1103 1162 1269 1233 Gracchus,
1284 1163 1402 1222 0100110

182 1254 270 1332 sorec
289 1255 402 1313 scrobis
420 1261 483 1313 cst:
504 1254 586 1332 quod
606 1255 779 1333 exemplum
798 1254 831 1312 in
851 1253 1033 1314 Terentiano
1053 1257 1108 1312 est.
1151 1253 1225 1312 This
1244 1252 1403 1315 Gracchus

188 1363 261 1423 may
281 1346 319 1404 bs
339 1346 393 1406 the
413 1345 573 1424 tragediau
594 1345 627 1406 01
651 1347 703 1405 the
722 1345 890 1424 Augustan
909 1364 974 1423 age.
1016 1346 1098 1406 Here
1117 1346 1171 1406 the
1191 1346 1299 1406 fulleet
1321 1346 1401 1406 form

189 1437 224 1496 cf
237 1437 290 1496 the
303 1443 375 1498 note
388 1457 485 1498 seems
498 1443 530 1498 10
545 1437 623 1498 have
636 1438 711 1498 been
725 1439 889 1517 preserved
902 1439 943 1516 by
959 1437 1159 1497 Terentianus
1172 1437 1311 1497 Maurus.

229 1529 349 1590 Nonius
362 1551 391 1608 p.
407 1531 466 1590 230
479 1550 548 1609 says
562 1531 632 1590 that
651 1533 758 1608 culpas
777 1531 833 1589 has
852 1535 915 1590 two
932 1530 1073 1608 gaudere,
1088 1535 1198 1590 neuter
1218 1529 1280 1588 and
1301 1549 1404 1602 maac.;

189 1621 244 1680 the
257 1622 350 1681 latter
369 1642 463 1699 usage
483 1623 522 1681 he
542 1623 709 1684 illustratee
730 1623 811 1682 from
824 1621 939 1684 Accius
952 1623 1014 1682 aud
1033 1622 1142 1696 Varro,
1158 1623 1220 1682 aud
1239 1623 1305 1681 also
1320 1621 1403 1681 10010

187 1713 278 1791 Virg.
294 1713 333 1772 A.
349 1715 377 1773 2.
392 1715 440 1787 98,
458 1717 475 1744 “
484 1734 628 1792 spargere
643 1735 732 1776 voces
746 1715 785 1774 In
798 1717 930 1794 vulgum
942 1716 1135 1793 ambiguas.”

233 1806 275 1866 So
291 1807 425 1878 Servius,
440 1805 479 1866 A.
499 1808 528 1866 1.
544 1807 611 1880 149,
626 1808 732 1886 malque
748 1813 779 1867 et
796 1809 957 1867 masculini
980 1808 1100 1886 generis
1115 1813 1148 1868 et
1167 1808 1270 1868 neutri
1287 1808 1402 1866 lectum

187 1903 253 1958 est:
268 1899 389 1976 generis
402 1898 504 1958 neutri
517 1899 574 1958 hoc
588 1900 663 1971 loco,
677 1900 751 1958 alibi
764 1900 934 1973 masculini,
950 1905 986 1958 ut
1001 1901 1061 1958 “in
1074 1901 1202 1978 vulgum
1211 1897 1401 1977 ambiguas?

188 1987 306 2048 Charis.
321 2009 351 2068 p.
369 1987 406 2049 74
420 1994 527 2068 quotes
540 1990 593 2049 the
607 2011 689 2050 same
703 2011 833 2070 passage
846 1991 929 2051 from
938 1990 1029 2067 Virg.

230 2079 264 2138 P.
294 2081 362 2152 231,
389 2080 495 2158 Vepres
526 2081 649 2158 generis
682 2082 853 2142 masculini.
907 2081 1066 2159 Vergilius
1100 2085 1119 2114 “
1128 2082 1228 2161 sparsi
1257 2072 1404 2142 rorabant

187 2175 339 2252 sanguine
371 2175 508 2253 vepres.''
549 2175 702 2234 Feminini
724 2217 731 2233 .
754 2219 761 2234 .
785 2219 792 2232 .
814 2175 976 2234 Lucretius
1009 2175 1061 2234 lib.
1089 2173 1147 2234 IV.
1184 2177 1283 2234 “uam
1310 2195 1402 2254 saepe

187 2267 328 2326 videmus
342 2267 470 2326 Illorum
484 2268 587 2346 spoliis
601 2287 709 2347 vepres
722 2267 924 2328 volitantibus
936 2267 1072 2330 auctas.''

229 2357 451 2436 Philargyrius,
468 2357 504 2419 G.
522 2359 549 2418 3.
558 2359 628 2430 444,
639 2377 737 2436 cepres
749 2359 783 2416 in
796 2359 966 2418 masculino
974 2377 1093 2436 genere.
1134 2357 1180 2417 At
1192 2357 1354 2418 Lucretius
1368 2357 1402 2416 in

185 2448 336 2511 feminino
352 2453 369 2481 “
378 2449 507 2509 Illorum
517 2450 652 2529 spoliie‚'’
669 2448 720 2511 dc.

229 2541 264 2599 Ρ.
276 2542 344 2612 231,
360 2540 477 2601 Vadam
491 2544 612 2619 generis
626 2542 736 2603 neutri.
779 2541 938 2619 Vergilius
947 2540 1099 2601 Aeneidos
1110 2540 1134 2599 Ι.
1146 2542 1208 2600 “in
1223 2542 1303 2601 vada
1314 2561 1403 2603 caeca

186 2632 292 2691 tulit.'’
333 2632 516 2705 Masculiui3
547 2633 713 2693 Sallustius
731 2632 941 2693 Historiarum
964 2632 1017 2691 lib.
1038 2632 1063 2690 Ι.
1090 2635 1108 2663 “
1118 2636 1151 2691 et
1167 2652 1239 2691 mox
1262 2632 1401 2692 Fufidius

185 2723 350 2783 adsumens
378 2743 450 2783 cum
478 2724 661 2801 legionibus,
690 2728 854 2802 postquam
881 2728 987 2783 cautes
1014 2742 1146 2802 asperas,
1170 2722 1255 2781 haud
1280 2723 1401 2783 facilem

185 2816 398 2895 pugnantibus
413 2816 536 2888 vadum,
551 2822 663 2875 cuncta
677 2816 759 2875 hosti
772 2836 866 2893 quam
879 2816 944 2875 suis
958 2815 1180 2893 opportuniora
1192 2815 1309 2875 videt.’'

230 2906 365 2980 Servius,
380 2906 417 2965 A.
432 2909 459 2967 1.
476 2908 533 2967 112
550 2907 674 2983 (Dan),
684 2912 794 2986 quotes
806 2908 902 2967 cadas
919 2907 1000 2968 from
1014 2908 1115 2967 Varro
1128 2906 1167 2966 de
1179 2926 1232 2967 ora
1246 2906 1402 2967 maritima

184 2998 238 3058 lib.
255 2998 279 3057 1.
323 2998 428 3077 Comp.
444 2998 539 3057 Prisc.
556 2998 582 3057 1.
597 3020 627 3077 p.
643 2998 710 3057 264.

597 3236 769 3311 NONIUS,
791 3236 912 3297 BOOK
932 3238 988 3297 IV.

228 3376 359 3455 Ocming
371 3398 440 3437 now
453 3382 485 3437 to
499 3378 554 3437 the
567 3376 673 3435 fourth
693 3376 772 3437 book
786 3376 819 3435 of
838 3377 966 3451 Nonius,
980 3377 1082 3437 which
1102 3378 1129 3435 is
1141 3377 1398 3456 lexicographical

187 3468 253 3547 (De
279 3468 376 3529 Varia
397 3469 628 3547 Significatione
648 3465 848 3548 Verborum),
869 3469 886 3526 I
912 3468 991 3529 have
1010 3469 1134 3529 noticed
1160 3470 1214 3529 the
1240 3469 1400 3549 following

184 3562 354 3639 important
367 3560 574 3619 coincidences
592 3560 727 3620 between
749 3560 798 3619 his
818 3566 906 3619 notes
924 3560 986 3619 and
1009 3562 1096 3621 those
1115 3563 1149 3620 of
1171 3564 1225 3621 11ιο
1247 3581 1398 3621 commen·

186 3660 286 3714 tators
300 3676 340 3713 ou
354 3654 480 3731 Virgil:

228 3749 263 3807 P.
279 3750 348 3822 245,
370 3768 448 3807 carc
465 3747 614 3827 splendor.
660 3748 822 3827 Vergilius
838 3746 991 3809 Aeneidos
1003 3749 1056 3807 lib.
1069 3748 1127 3808 VL
1143 3749 1303 3809 “discolor
1315 3749 1398 3809 unde

185 3840 255 3900 auri
269 3860 322 3919 per
334 3860 435 3899 ramos
451 3860 528 3899 aura
540 3839 697 3899 refulsit.'’

229 3932 365 4004 Servius,
379 3932 417 3991 A.
443 3932 472 3991 6.
488 3932 555 4005 204,
571 3952 648 3990 carc
668 3931 746 4003 cari,
771 3930 913 4010 splendor
935 3932 1012 3990 auri.
1066 3932 1226 4005 Horatius,
1248 3935 1333 3992 “tua
1357 3953 1397 3993 ne

184 4025 321 4085 retardet
334 4024 420 4085 Aura
433 4025 588 4097 maritos,”
601 4026 649 4083 ie.
664 4022 816 4102 splendor.

226 4115 262 4173 Ρ.
290 4114 359 4188 257,
387 4136 552 4193 comportare
579 4114 675 4173 finire.
716 4115 876 4193 Vergilius
896 4116 1047 4177 Aeneidos
1064 4118 1117 4176 lib.
1141 4116 1168 4174 I.
1187 4118 1206 4147 “
1215 4121 1288 4175 0010
1314 4117 1397 4175 diem

184 4208 289 4267 clauso
317 4212 478 4286 componet
505 4207 626 4284 Vesper
654 4205 815 4285 Olympo.’'
890 4206 933 4266 Et
957 4208 992 4266 iu
1018 4208 1182 4280 Bucolicis,
1212 4212 1302 4267 “non
1327 4226 1397 4266 noe·

184 4304 271 4357 10010
297 4298 379 4359 inter
405 4318 461 4359 vos
488 4301 591 4357 100100
623 4316 804 4375 componere
837 4299 938 4359 lites.’'
993 4299 1170 4377 Ocmpcccre
1196 4298 1328 4372 reficere,
1349 4318 1396 4357 re·

185 4408 289 4448 creare
310 4432 317 4448 .
338 4434 346 4450 .
369 4436 376 4449 .
398 4390 559 4469 Vergilius
579 4388 731 4451 Aeneidos
748 4390 801 4451 lib.
822 4390 850 4449 Ι.
869 4394 978 4451 “0000
993 4392 1114 4470 placida
1131 4396 1305 4470 compostus
1322 4408 1398 4469 pace
