3192 4950
208 409 301 475 ΤΗΕ
324 408 532 478 ANOIElNT
555 410 931 482 COMMENTATORS
955 414 1019 483 ΟΝ
1043 416 1218 485 VIRGIL.
1261 421 1369 489 lxxvii

151 583 256 642 where
272 581 398 643 Servius
411 601 491 661 says,
502 582 601 659 gliscit
614 581 724 642 erescit
745 626 752 641 .
775 627 783 642 .
806 627 814 642 .
835 585 917 644 unde
937 591 968 644 et
988 586 1078 662 pltres
1091 587 1168 647 dicti
1187 595 1271 662 sunt,
1293 611 1370 668 quos

153 675 286 754 pingues
307 675 399 734 effioit
422 694 556 735 somnus.
607 675 645 734 In
669 675 807 736 Daniel's
832 676 959 737 Servius
983 698 1036 738 are
1059 680 1161 741 added
1186 681 1239 741 the
1258 685 1369 757 words,

153 771 273 826 veteres
294 766 393 843 olibet
414 765 603 825 incremento
625 765 708 844 ignis
729 769 887 845 ponebant
907 767 940 846 (P
961 769 1184 850 imponebant),
1201 774 1277 834 bene
1296 793 1370 854 ergo

154 855 213 916 hoo
228 857 320 915 verbo
335 857 434 915 utitur
447 857 485 916 de
499 877 560 934 quo
574 857 618 915 ait
632 859 710 916 altro
724 859 928 934 implooobelia
941 861 1036 918 ardet.

195 947 230 1006 P.
246 949 294 1021 23,
309 949 479 1024 procacitas
500 967 520 1006 a
538 947 693 1026 procando
706 949 756 1008 vel
770 950 934 1026 poscendo,
949 952 1032 1010 unde
1051 956 1083 1011 et
1099 955 1189 1030 proci
1208 955 1285 1016 dieti
1297 963 1372 1017 sunt

153 1042 421 1101 matrimoniorum
435 1041 591 1118 petitores,
608 1039 662 1100 dre.

197 1131 334 1204 Servius,
348 1131 385 1190 A.
402 1133 429 1191 l.
445 1133 515 1204 536,
531 1132 709 1210 prooeoibus
726 1133 851 1206 austris,
870 1136 1145 1210 perseverantibus.
1198 1138 1240 1198 Et
1256 1157 1369 1216 prosae

155 1223 279 1302 proprie
288 1229 379 1300 peteo
393 1228 448 1296 est,
457 1242 531 1281 nam
539 1243 663 1301 probare
676 1228 723 1282 est
732 1230 842 1300 petere,
857 1225 941 1284 unde
950 1231 982 1284 et
989 1228 1077 1302 prooi
1092 1228 1249 1288 dicamur.

197 1313 360 1392 (Verrius:
382 1313 507 1385 Paulus,
522 1334 573 1392 pp.
589 1315 656 1386 224,
673 1312 758 1392 249.)

198 1406 235 1465 P.
249 1407 299 1479 23,
318 1407 526 1466 Kalendarum
550 1407 733 1466 vocabulum
753 1407 913 1486 proprium
925 1409 1027 1469 Varro
1049 1411 1232 1488 complexus
1251 1418 1307 1488 est,
1323 1416 1371 1476 De

156 1497 234 1557 Vita
255 1497 330 1556 Ra.
346 1499 397 1558 lib.
416 1497 442 1554 I.
457 1499 591 1574 “itaque
613 1496 764 1557 Kalendis
782 1498 977 1572 kalabnntnr,
992 1501 1026 1558 id
1049 1507 1098 1560 est
1120 1505 1318 1578 vocabantur,
1340 1514 1395 1573 et,

156 1590 198 1650 ab
208 1610 244 1650 eo
257 1590 400 1649 kabades
413 1589 593 1668 appellatae,
605 1588 689 1666 quod
701 1594 749 1650 est
762 1595 898 1649 tractum
911 1611 931 1650 a
941 1591 1076 1664 Graecis,
1087 1594 1141 1670 qui
1154 1596 1252 1654 καλεῖν
1263 1617 1373 1657 vocare

159 1682 337 1744 dixerunt.’'

203 1774 337 1848 Servius,
355 1773 395 1832 A.
417 1774 446 1834 8.
460 1775 521 1834 654
539 1771 638 1850 (ouria
658 1772 803 1854 Calabra)
825 1819 835 1835 .
858 1821 864 1834 .
889 1819 898 1834 .
922 1778 1007 1854 qood
1024 1799 1095 1838 eom
1115 1779 1252 1840 insertae
1269 1789 1373 1842 essent

159 1867 320 1929 Kalendae
332 1873 388 1927 ant
400 1868 483 1939 Idus,
495 1889 514 1928 a
528 1868 660 1926 Romulo
674 1869 880 1928 constitutum
893 1874 940 1929 sat
953 1876 991 1929 ot
1002 1871 1047 1929 ibi
1062 1876 1165 1948 patres
1177 1873 1228 1931 vel
1242 1875 1373 1952 populus

158 1961 342 2035 delerentur,
357 1961 390 2020 id
408 1965 455 2020 est
470 1966 666 2032 vocarentur-5
690 1965 726 2018 ut
745 1961 861 2022 seirent
880 1982 943 2039 qua
962 1962 1012 2024 die
1025 1963 1186 2023 Kalendae
1205 1972 1307 2026 essent
1324 1969 1373 2027 vel

159 2053 255 2112 etiam
269 2053 356 2113 Idus.

202 2146 238 2204 P.
253 2147 301 2217 25,
316 2146 470 2204 seditionis
487 2144 659 2223 proprietas
677 2164 697 2204 a
716 2143 759 2203 M.
774 2145 876 2206 Tullio
895 2146 1096 2207 manifestata
1113 2152 1162 2207 eat
1181 2148 1214 2206 in
1233 2149 1313 2211 libro
1334 2152 1373 2211 de

159 2238 333 2317 Republica
350 2239 419 2310 VI.,
435 2240 558 2315 “eaque
581 2237 730 2297 dissensio
754 2239 868 2298 oivium
893 2240 977 2316 quod
999 2261 1139 2301 seorsum
1161 2248 1238 2302 eunt
1258 2245 1312 2303 alii
1333 2246 1373 2305 ad

159 2332 246 2403 alios,
258 2333 368 2391 seditio
382 2331 523 2391 dicitur.''
567 2330 653 2390 Serv.
668 2331 705 2390 A.
723 2333 750 2391 1.
766 2333 825 2394 149
840 2330 951 2414 (Dan.)
965 2335 1021 2394 has
1033 2336 1088 2395 the
1098 2356 1182 2396 same
1195 2338 1297 2397 words
1309 2341 1373 2398 and

159 2423 216 2485 the
229 2442 312 2483 sams
326 2423 476 2485 instance.

203 2514 238 2573 P.
270 2515 319 2587 28,
344 2517 474 2593 sulpura
505 2513 654 2574 dicuntur
680 2515 917 2588 coruscationes,
945 2537 964 2576 a
993 2518 1127 2596 fulgore.
1181 2519 1283 2579 Varro
1309 2520 1375 2598 περὶ

159 2610 297 2684 κεραυνοῦ
311 2612 329 2639 “
339 2609 477 2687 oognitio
497 2608 580 2668 enim
597 2607 703 2679 trium,
719 2606 886 2684 fulgetrae,
899 2609 1045 2684 tonitrus,
1065 2617 1097 2670 et
1117 2611 1263 2689 fulguris,
1277 2634 1297 2672 a
1313 2614 1375 2673 ful·

161 2700 247 2759 mine
260 2701 360 2760 orla.''

203 2792 339 2864 Servius,
353 2793 393 2853 A.
407 2793 436 2853 8.
450 2794 520 2866 431,
532 2795 670 2873 fulgores
690 2836 725 2851 ..
750 2835 758 2850 .
779 2812 857 2869 quas
879 2795 1030 2873 fulgetras
1051 2796 1176 2855 dieunt:
1196 2816 1231 2855 so
1255 2796 1284 2856 8.
1306 2800 1374 2875 524,

154 2887 272 2965 fulgor,
286 2888 320 2945 id
333 2893 381 2947 est
388 2889 535 2965 fulgetra.

204 2978 239 3036 P.
262 2978 310 3050 29,
332 2980 426 3037 soloas
445 2998 464 3037 a
486 2976 642 3048 calcando,
665 2976 747 3054 quod
774 2981 822 3035 est
842 2979 1025 3053 proterendo,
1047 2998 1111 3037 non
1130 2998 1150 3038 a
1169 2980 1373 3045 calcitrando:

159 3090 235 3130 nam
249 3071 288 3130 de
301 3071 442 3129 omnibus
456 3070 586 3147 pedibus
598 3074 631 3128 et
647 3068 685 3127 de
707 3068 868 3128 hominum
887 3075 921 3128 et
940 3071 1156 3129 universorum
1170 3072 1375 3135 animantium

162 3161 226 3220 dioi
243 3166 354 3239 potest.
403 3160 485 3219 Nam
502 3166 575 3220 sunt
597 3159 696 3219 oeloes
718 3164 857 3219 extrema
878 3180 950 3239 pers
971 3161 1085 3237 pedum
1107 3166 1206 3220 terrae
1227 3166 1374 3241 proxima.

160 3252 322 3329 Vergilius
336 3254 388 3313 lib.
402 3253 443 3312 V.
456 3256 473 3283 “
483 3270 552 3311 eone
565 3252 657 3322 volat,
671 3252 846 3329 calcemque
858 3254 933 3311 terit
945 3253 1007 3311 iam
1020 3254 1104 3313 oalee
1117 3254 1257 3316 Diores.”
1290 3256 1374 3319 Here

160 3343 209 3423 (5.
225 3347 300 3422 324)
319 3346 445 3406 Servius
458 3365 528 3425 says
540 3346 648 3404 soleam
661 3344 794 3404 dioimus
807 3345 889 3403 unde
902 3351 1016 3404 terram
1029 3348 1186 3405 soleamus.

205 3436 241 3495 P.
256 3438 304 3507 30,
324 3444 408 3495 antes
427 3440 502 3494 sunt
519 3434 734 3512 quadraturae,
756 3435 840 3494 unde
857 3439 890 3493 et
907 3441 998 3493 antae
1021 3434 1123 3493 dictae
1144 3441 1219 3496 sunt
1240 3441 1375 3516 quadrae

159 3530 334 3591 oolumnaa.
367 3529 526 3607 Vergilius
537 3526 759 3603 Georgicorum
768 3527 821 3586 lib.
832 3526 876 3585 II.
889 3530 906 3558 ‘⁴
915 3528 977 3586 iam
990 3528 1074 3587 eanit
1083 3528 1211 3589 effectos
1221 3537 1375 3593 extremus

164 3622 283 3681 vinitor
295 3620 415 3680 antes.”

209 3712 297 3773 Serv.
313 3711 351 3771 G.
366 3712 394 3771 2.
408 3711 477 3781 417,
492 3716 575 3769 noles
588 3710 641 3768 alii
655 3715 807 3769 extremos
823 3709 983 3769 vinearum
1002 3709 1126 3769 ordines
1143 3711 1309 3789 accipiunt,
1323 3714 1377 3773 alii

164 3803 315 3862 maserias
333 3802 445 3879 quibus
463 3801 569 3859 vineta
588 3800 792 3859 clauduntur:
816 3842 871 3859 ...
892 3800 1040 3859 dicuntur
1053 3806 1157 3861 antem
1171 3809 1253 3860 anas
1265 3822 1285 3861 a
1301 3804 1375 3882 lapi-

163 3894 259 3954 dibus
277 3892 538 3964 eminentioribus,
553 3891 609 3969 qui
625 3892 866 3969 interponuntur
884 3891 925 3951 ed
944 3893 1106 3951 maceriam
1125 3895 1375 3955 sustentandam:

164 4006 239 4045 nam
260 3985 381 4064 proprie
401 3990 483 4043 anas
502 3990 575 4043 sunt
594 3984 763 4043 eminentes
784 3983 909 4060 lapides,
923 3984 972 4042 vel
990 3983 1149 4043 columnae
1162 3986 1297 4055 ultimae,
1309 3988 1378 4063 qui·

167 4079 226 4137 bus
239 4077 356 4137 fabrica
369 4077 547 4135 sustinetur.
590 4075 631 4135 Et
649 4076 847 4155 appellantur
865 4083 950 4135 antes
970 4076 1026 4135 ἀπὸ
1046 4078 1097 4135 τοῦ
1115 4076 1323 4152 dorios-pairac,
1338 4079 1379 4136 ad

167 4188 261 4249 quam
276 4169 493 4247 etymologiam
503 4168 597 4226 etiam
611 4172 761 4227 extremos
771 4168 895 4227 ordines
907 4168 1068 4227 vinearum
1082 4186 1247 4245 possumus
1258 4169 1379 4229 trabere

168 4262 223 4339 qni
237 4260 328 4339 (qnia
339 4257 369 4334 1)
384 4264 562 4319 antestant.

210 4352 424 4431 Philargyrius
445 4352 504 4409 sb..-
533 4357 637 4409 antes:
663 4350 740 4410 Cato
761 4350 800 4409 de
820 4350 867 4410 Re
898 4350 1035 4421 militari,
1059 4352 1207 4428 “pedites
1232 4356 1381 4429 quattuor

168 4444 354 4521 agminibus,
378 4440 497 4519 equites
524 4442 643 4501 duobus
670 4442 793 4500 antibus
821 4441 945 4501 dooas.''
1001 4440 1084 4501 Sunt
1103 4446 1207 4501 autem
1227 4448 1381 4503 extremae

169 4536 358 4613 quadrarum
371 4542 483 4613 partes.
