3192 4950
322 359 364 403 xc
429 335 522 402 THE
544 335 752 404 ANGIENT
775 335 1151 404 COMMENTATORS
1167 337 1234 405 ΟΝ
1255 337 1421 407 VIRGIL.

321 511 453 590 ignem.”
495 513 613 572 Probus
627 513 708 572 enim
726 513 770 572 ait
791 515 808 545 ‘⁴
819 533 908 573 nemo
926 513 1030 572 haurit
1048 513 1183 574 1999111.η
1215 514 1248 574 19
1267 515 1322 575 the
1335 516 1425 576 whole
1440 536 1510 576 eom·

322 611 406 662 ment
419 604 500 664 from
512 624 532 663 a
544 609 617 664 note
632 604 665 663 oi
679 604 824 664 Probus?

362 696 398 754 P.
422 697 490 768 328,
504 698 649 772 interpres
669 701 786 756 auctor.
838 697 994 775 Vergilius
1015 697 1169 758 Aeneidos
1196 698 1253 760 IV.
1278 701 1400 777 “tuque
1417 700 1514 758 harum

321 786 471 865 interpres
485 807 627 847 cnramm
641 791 672 848 et
686 789 808 848 conscia
821 787 930 847 Iuno.”

364 879 499 952 Servius,
514 878 552 937 A.
566 881 596 938 4.
614 879 673 939 003
689 877 813 957 (Dan),
832 900 906 938 sane
922 881 1069 957 interpres
1083 880 1158 958 quid
1173 881 1214 940 911
1228 880 1396 940 secuudum
1408 885 1514 940 veteres

320 969 386 1047 ipse
399 971 541 1049 exposuit
564 970 693 1030 dicendo
716 971 853 1030 1191199191
874 976 992 1031 veteres
1012 972 1096 1031 enim
1115 973 1306 1048 interpretem
1327 973 1471 1030 conscium
1487 977 1516 1030 et

322 1066 478 1121 auctorem
499 1061 650 1122 dicebant.
691 1062 822 1122 Plautus
841 1063 875 1122 in
895 1063 997 1122 Milite
1012 1066 1120 1141 “quae
1140 1063 1218 1122 mihi
1238 1063 1376 1124 condicio
1395 1084 1469 1122 nova
1487 1069 1516 1123 et

321 1156 504 1217 luculentior
516 1157 647 1218 offertur
666 1177 722 1236 per
740 1162 772 1216 te
791 1158 1020 1236 interpretem.”
1061 1158 1148 1217 Idem
1165 1158 1200 1216 in
1213 1157 1403 1228 Curculione,
1418 1159 1519 1236 “quod

322 1255 353 1309 te
366 1255 526 1328 praesente
538 1252 596 1310 hoc
610 1250 675 1328 egit
687 1255 779 1328 teque
793 1251 992 1331 interprete.”

363 1342 399 1400 P.
413 1343 481 1414 332,
502 1343 610 1420 Ireqere
632 1387 638 1400 .
663 1386 669 1401 .
693 1386 699 1400 .
720 1342 882 1420 colligere:
904 1342 1061 1402 Titinius.
1084 1387 1091 1400 .
1114 1386 1121 1401 .
1142 1342 1302 1419 Vergilius
1319 1341 1372 1402 lib.
1389 1342 1428 1400 X.
1448 1343 1519 1400 “ex-

322 1439 481 1511 tremaque
502 1433 601 1492 Lauso
626 1433 740 1492 Parcae
763 1433 816 1492 fila
835 1433 974 1511 legunt,”
1003 1439 1034 1492 et
1059 1434 1111 1493 lib.
1132 1433 1173 1492 V.
1196 1433 1397 1510 “fractosque
1417 1434 1519 1510 legunt

320 1525 355 1583 in
368 1526 493 1603 gurgite
504 1544 604 1584 remos
615 1524 752 1582 ’'—wish
765 1525 856 1584 other
867 1525 1030 1584 instancee.

365 1616 499 1688 Servius,
515 1616 552 1674 A.
576 1617 603 1675 5.
617 1616 685 1687 209,
700 1617 824 1692 leqnnt:
844 1617 1105 1693 aliiprneteresnrt
1120 1616 1173 1674 sed
1186 1614 1296 1674 melius
1310 1617 1418 1693 tepent,
1431 1615 1462 1674 id
1476 1620 1519 1674 est

320 1709 471 1786 eolliqnnt.
515 1709 552 1766 A.
567 1708 614 1767 10.
631 1707 698 1776 815,
712 1707 772 1783 filo
792 1709 896 1786 leynnt
917 1754 923 1766 .
946 1753 953 1766 .
977 1753 984 1766 .
1005 1710 1109 1785 leqnnt
1128 1709 1275 1786 oolliennt
1294 1711 1350 1779 est,
1368 1711 1421 1766 aut
1444 1714 1519 1766 tron-

322 1807 415 1872 seenit,
430 1805 468 1858 ut
481 1799 675 1877 “Litoraque
688 1799 777 1878 Epiri
790 1801 950 1879 legimue.”

361 1891 489 1964 Nonius,
510 1893 569 1950 ih:
594 1893 687 1968 tepere
707 1893 874 1969 praeterire
893 1893 1034 1970 Vergilio
1060 1897 1186 1953 anctore
1212 1891 1353 1963 dicimus,
1377 1890 1519 1952 Aeneidos

321 1985 374 2045 lib.
396 1985 456 2044 ΠΙ.
483 1987 659 2062 “litoraque
676 1985 765 2065 Epiri
784 1987 944 2064 legimus.”
988 1987 1045 2048 See
1067 1987 1201 2059 Servius,
1222 1984 1260 2044 A.
1281 1986 1307 2044 5.
1329 1986 1396 2058 209,
1414 1985 1519 2062 quoted

322 2078 426 2150 above,
441 2078 504 2137 and
517 2079 545 2138 3.
560 2077 629 2137 127.

362 2170 489 2244 Nonius,
503 2172 564 2230 ih:
587 2173 680 2248 legere
700 2175 748 2229 est
762 2172 915 2249 navigare,
928 2173 1157 2249 praestringere.
1199 2171 1359 2250 Vergilius
1377 2168 1519 2230 Aeneidos

320 2262 372 2321 lib.
384 2260 426 2320 II.
443 2264 461 2292 “
471 2281 541 2340 pars
553 2267 655 2322 cetera
667 2265 798 2339 pontum
808 2262 893 2322 Pone
906 2263 1011 2341 legit.”

364 2353 498 2425 Servius,
506 2354 545 2414 A.
556 2353 582 2412 3.
593 2353 660 2426 127,
675 2355 801 2432 legimns
813 2355 1022 2432 praeterimus,
1031 2360 1068 2413 111
1083 2355 1259 2433 “litoraque
1269 2354 1357 2432 Epiri
1369 2355 1518 2433 legimus?

322 2444 451 2507 Thactus
463 2453 566 2508 antem
578 2467 677 2508 sermo
691 2467 709 2507 a
723 2447 835 2519 nantia,
850 2448 933 2526 quod
952 2448 1055 2508 turem
1074 2447 1213 2525 legendo,
1227 2447 1261 2507 id
1280 2452 1328 2508 est
1347 2449 1519 2526 colligendo

320 2557 427 2617 aspera
439 2542 506 2599 loca
518 2545 722 2618 praetereunt.
765 2539 871 2618 Gomp.
888 2540 975 2601 Serv.
991 2539 1028 2600 G.
1043 2541 1071 2599 2.
1086 2540 1134 2599 44.

361 2631 488 2705 Nouius,
503 2632 566 2690 n„-
588 2634 681 2709 leqere
696 2630 846 2708 subripere
863 2631 1025 2709 signifieat,
1044 2631 1175 2691 undeet
1194 2632 1388 2709 saerileyirnn
1408 2631 1519 2689 dicitur

320 2723 354 2782 id
372 2729 420 2783 est
438 2724 476 2782 de
494 2743 579 2783 sacro
597 2724 727 2782 furtum.
768 2722 926 2801 Vergilius
945 2724 977 2782 in
997 2723 1151 2792 Bucolicis
1175 2724 1286 2783 “Nam
1309 2743 1388 2801 qnae
1411 2724 1519 2799 subleg

319 2816 432 2875 tacitus
446 2816 503 2874 tibi
516 2815 653 2874 carmina
665 2814 791 2892 nuper.''
832 2814 951 2875 Nonius
964 2815 1132 2874 illustrates
1139 2814 1261 2874 further
1267 2814 1350 2874 from
1360 2814 1519 2893 Turpilius

321 2907 467 2980 Lucilius,
482 2907 543 2965 aud
558 2906 688 2965 Plautus
701 2903 910 2985 (Aulularia).

363 2998 498 3071 Servius,
513 2997 552 3056 A.
566 2999 614 3058 10.
631 2997 677 3069 79,
692 3000 794 3077 tepere,
804 2998 912 3070 furari,
922 2999 1005 3058 unde
1018 3003 1049 3059 et
1058 2999 1199 3077 saerdeyi
1212 2997 1360 3058 dicuntur
1373 3000 1431 3077 qni
1443 3018 1519 3058 saon

320 3091 437 3169 legunt,
452 3093 484 3151 id
497 3098 544 3152 est
556 3092 711 3151 iurantur.
753 3091 839 3151 Alibi
859 3094 936 3151 “vel
949 3111 1028 3169 quae
1046 3092 1168 3170 sublegi
1180 3092 1296 3151 tacitns
1314 3091 1373 3150 tibi
1392 3092 1519 3151 carmin,

320 3184 446 3261 nuper.''
487 3181 595 3261 Gomp.
613 3183 701 3243 Serv.
716 3204 756 3243 ou
770 3182 807 3241 11.
819 3182 847 3240 9.
861 3183 911 3241 21.

361 3275 396 3333 Ρ.
412 3274 480 3346 339,
500 3276 584 3352 lenpe
605 3280 653 3333 991
673 3276 769 3335 valde.
818 3273 976 3352 Vergilius
989 3272 1142 3333 Aeneidos
1162 3275 1214 3334 lib.
1236 3273 1277 3334 V.
1301 3276 1402 3333 “aute
1427 3294 1519 3333 omne

319 3368 424 3441 stupet
442 3365 507 3441 ipae
520 3364 618 3423 Dares
631 3366 783 3442 longeque
795 3364 945 3423 recusat.”
986 3362 1166 3423 Illustrated
1179 3364 1302 3423 further
1315 3363 1400 3423 troni
1414 3364 1519 3425 Cicer(

319 3453 465 3527 Lucilius,
482 3454 619 3527 Sisenna,
634 3456 695 3515 and
709 3455 851 3515 Terence.

363 3547 495 3618 Servius,
504 3545 542 3605 A.
553 3547 635 3621 113,
648 3546 814 3606 illustrates
821 3546 875 3604 the
883 3564 965 3604 same
973 3545 1117 3623 meaning
1124 3544 1205 3604 from
1216 3544 1362 3619 Sallust,“
1370 3547 1470 3624 longe
1478 3549 1519 3607 ali

319 3638 397 3695 mihi
410 3658 496 3698 mene
509 3643 564 3710 est,
578 3644 682 3716 patres
695 3637 861 3716 conscripti
871 3638 905 3697 ’':
928 3656 1027 3715 comp.
1044 3636 1131 3697 Serv.
1147 3636 1186 3694 A.
1200 3637 1229 3694 2.
1246 3636 1312 3711 711,
1327 3639 1356 3697 5.
1370 3639 1447 3697 406.

361 3728 396 3787 Ρ.
411 3730 478 3801 340,
500 3732 610 3788 lnetnn
643 3730 766 3807 pingue.
820 3729 980 3806 Vergilius
1007 3726 1226 3805 Georgicorum
1247 3730 1299 3788 lib.
1321 3729 1364 3787 II.
1390 3731 1410 3759 “
1423 3729 1519 3807 glanc'

320 3839 390 3878 sues
411 3821 485 3880 laeti
512 3821 671 3879 redennt.”
716 3822 802 3881 Serv.
829 3820 867 3878 A.
890 3820 918 3879 3.
942 3820 1011 3892 220,
1033 3821 1115 3878 lueto
1135 3819 1283 3898 pinguia:
1309 3840 1343 3880 so
1367 3820 1463 3881 G.1.
1494 3820 1519 3879 7.

321 3912 435 3970 loetnm
447 3931 549 3989 pecus,
563 3912 597 3970 id
610 3916 658 3971 est
671 3912 794 3990 pingue.

361 4004 489 4077 Nonius,
501 4025 531 4081 p.
545 4004 612 4077 345,
628 4008 723 4063 treats
744 4025 854 4063 merere
873 4003 935 4063 and
954 4024 1085 4063 moerere
1106 4004 1207 4063 under
1227 4004 1282 4064 the
1301 4023 1387 4063 same
1407 4004 1519 4062 article

320 4101 412 4153 meret
425 4095 539 4153 militat
559 4137 567 4153 .
589 4136 597 4153 .
619 4136 627 4153 .
648 4102 760 4153 maeret
773 4114 881 4154 rursus
894 4094 987 4154 dolet.

363 4185 499 4260 Servius,
513 4185 551 4245 A.
562 4187 592 4245 4.
607 4185 654 4257 82,
668 4192 779 4245 moeret
792 4186 820 4244 si
833 4186 1060 4265 diphthongum
1074 4188 1194 4260 habeat,
1210 4192 1247 4247 ut
1264 4188 1323 4247 hoo
1343 4186 1425 4259 loco,
1443 4186 1519 4242 trist

320 4285 364 4337 est
376 4278 551 4356 significat:
572 4278 663 4337 aliter
676 4277 791 4336 militet
804 4278 968 4355 significat.

361 4372 396 4431 P.
422 4371 550 4447 357-8,
578 4373 650 4432 oter
669 4372 785 4432 trinam
807 4371 900 4431 habet
922 4371 1177 4450 significationem
1203 4376 1385 4450 temporum.
1449 4369 1519 4428 Pra
